2536 4252
553 333 660 381 LIBER
680 333 713 381 ll.

145 481 174 546 N
176 505 214 545 on
229 482 395 560 auditurum
410 484 530 544 miseras
545 482 736 545 Phaethonta
751 483 884 566 querelas

144 579 241 644 Nocte
258 580 364 664 dieque
380 595 504 642 vocant:
527 581 791 664 adsternunturque
806 581 952 664 sepulcre.

144 677 231 741 Luna
246 693 349 762 quater
359 677 468 763 junctis
483 678 620 761 implerat
633 679 770 740 comibus
784 680 904 742 orbem:

143 775 203 838 lllae
219 798 301 838 more
316 798 370 838 suo
387 775 470 862 (nam
485 797 597 837 morem
614 775 723 838 fecerat
737 776 822 863 usus)

143 873 322 956 Plangorem
337 875 489 936 dederant.
534 873 563 936 E
579 874 643 957 quis
659 874 832 948 Phaethusa
847 897 979 937 sororum
1047 876 1119 940 ¹3115

143 969 290 1049 Maxima,
304 973 373 1034 eum
389 972 479 1034 vellet
493 985 579 1033 terrae
595 973 799 1056 procumbere,
815 987 919 1056 questa
934 987 979 1035 est

144 1069 307 1152 Diriguisse
317 1070 431 1153 pedes:
455 1070 492 1132 ad
509 1091 597 1153 quam
612 1083 719 1132 conata
734 1070 834 1132 venire

143 1167 281 1230 Candida
294 1167 463 1250 Lampetie,
479 1167 576 1230 subite
589 1168 687 1230 radice
702 1181 816 1230 retenta
830 1182 886 1230 est.

143 1265 256 1342 Tertia,
271 1267 339 1328 cum
354 1266 465 1327 crinem
480 1265 614 1327 manibus
628 1265 737 1326 laniare
754 1279 879 1347 pararet,

143 1364 257 1438 Avellit
272 1361 398 1423 frondes·
444 1361 519 1424 Haec
534 1363 633 1446 stipite
648 1383 732 1423 crura
746 1361 850 1437 teneri,
1003 1434 1006 1439 Ι
1059 1363 1122 1424 350

144 1460 199 1522 Illa
213 1461 294 1521 dolet
308 1460 369 1521 fieri
384 1459 486 1540 longos
501 1480 554 1520 sua
568 1459 688 1520 brachia
702 1447 808 1520 ramos
840 1493 843 1512 ·

145 1557 230 1630 Quid
244 1556 331 1618 saciat
345 1557 459 1618 mater?
481 1555 546 1633 nisi,
562 1556 621 1639 quo
636 1557 731 1618 trahat
746 1556 874 1638 impetus
891 1555 980 1632 illam,

145 1654 215 1718 Huc
231 1667 289 1732 eat,
304 1667 393 1738 atque
409 1655 498 1716 illuc?
520 1668 561 1732 et,
577 1654 648 1716 dum
662 1653 741 1732 licet,
756 1654 857 1716 oscula
867 1653 994 1738 jungat?

144 1751 214 1817 Non
228 1753 297 1816 satis
312 1759 368 1816 est.
391 1762 393 1766 ’
411 1752 540 1816 Truneis
555 1753 683 1815 avellere
699 1774 823 1836 corpora
837 1764 933 1815 tentat
941 1775 951 1830 3

145 1852 186 1916 Et
200 1867 317 1916 teneros
331 1851 465 1914 manibus
479 1872 577 1913 ramos
592 1851 784 1934 abmmpere:
808 1864 838 1912 at
852 1849 921 1912 inde
1058 1849 1138 1913 355=

145 1951 323 2033 Sanguineae
338 1963 469 2027 manant,
483 1963 623 2033 tanquam
640 1948 678 2011 de
694 1949 826 2025 vulnere,
841 1960 941 2031 guttae.

145 2047 270 2125 ‘Parce,
286 2070 401 2132 precor,
417 2047 531 2125 mater,’
548 2068 730 2130 quaecunque
745 2059 789 2108 est
803 2046 913 2123 saucia,
928 2044 1053 2108 clamat:

146 2145 270 2223 ‘Parce,
285 2151 406 2231 precor:
429 2158 561 2208 nostmm
575 2143 700 2234 laniatur
714 2144 743 2206 in
759 2144 861 2206 arbore
876 2163 993 2226 corpus.

146 2242 273 2326 Jamque
288 2243 377 2306 vale.'
422 2242 538 2305 Cortex
553 2242 582 2304 in
599 2241 689 2305 verba
703 2240 862 2304 novissima
876 2240 968 2302 venit.

69 2338 73 2345 ’
145 2340 219 2422 Inde
236 2341 330 2403 fluunt
344 2341 502 2423 lacryma:
525 2339 691 2422 stillataque
707 2339 770 2400 sole
786 2338 933 2420 rigescunt
1060 2333 1125 2397 360

146 2437 196 2500 De
211 2438 297 2500 ramis
312 2437 423 2499 electra
436 2437 537 2499 novis:
561 2457 625 2518 quae
640 2436 754 2497 lucidus
769 2435 862 2496 amnis

147 2534 279 2618 Excipit,
295 2548 326 2624 et
340 2534 460 2596 nuribus
474 2533 563 2595 mittit
577 2532 720 2612 gestanda
735 2531 860 2593 Latinis.

497 2786 633 2828 mmm:
655 2784 775 2827 DOMUS·

575 2969 606 3010 v.
622 2949 696 3011 760.

148 3134 286 3197 Protinus
301 3133 433 3211 lnvidiae,
448 3133 532 3214 nigro
546 3131 721 3215 squallentia
734 3130 815 3206 tabo,

149 3233 247 3295 Tecta
261 3217 346 3317 petit.
391 3230 508 3294 Domus
524 3244 568 3293 est
582 3230 647 3292 imis
661 3229 690 3291 in
706 3228 832 3290 vallibus>
844 3227 919 3289 antri
982 3306 985 3310 μ
1074 3255 1077 3262 ·

150 3331 272 3407 Abdita,
286 3331 348 3393 sole
363 3321 477 3406 carens,
492 3349 550 3390 non
565 3328 616 3390 ulli
631 3326 734 3409 pervia
748 3337 856 3400 vent03
1007 3328 1010 3332 ’
1061 3318 1125 3382 365
1211 3388 1214 3393 ¹

150 3429 267 3506 Tristis,
283 3442 314 3491 et
328 3427 425 3511 ignavi
441 3426 609 3510 plenissima
623 3424 752 3507 frigoris;
775 3436 884 3504 etque

154 3525 224 3610 lgne
240 3540 325 3590 vacet
335 3547 467 3610 semper,
480 3524 605 3607 ealigine
619 3517 882 3607 semperabundet
