2536 4252
547 336 656 430 alcun
670 379 715 430 v1.

145 525 305 593 Mirantem
320 529 468 612 potuisse3
490 529 724 613 irascentemque
740 529 820 614 qubd
835 532 898 595 ausi
996 516 1001 530 ⁵

146 625 213 690 Hoc
228 641 326 690 essent
340 627 448 710 superi,
464 626 544 711 qubd
558 640 670 690 tantum
682 626 755 712 juris
770 628 923 692 haberent.

145 725 174 788 N
176 748 224 788 am
239 741 323 809 pater
336 725 502 809 Amphion,
512 724 586 787 ferro
601 746 655 808 per
669 738 774 815 pectus
788 726 903 805 adacto,

144 823 276 887 Finierat
289 824 416 887 moriens
431 823 539 907 pariter
551 844 622 886 oum
636 823 703 886 luce
718 823 860 888 dolorem.

187 919 258 983 Heu
273 921 415 1006 quantum
430 922 493 984 haec
507 920 604 984 Niobe
619 920 717 984 Niobe
732 922 858 985 distabat
872 923 909 986 ab
923 923 984 1003 illa,
1015 995 1019 999 ,

95 1011 97 1019 ’
144 1016 222 1091 Qua
238 1016 328 1082 modo
341 1018 446 1082 Latois
461 1019 604 1102 populum
618 1018 807 1083 submoverat
821 1021 888 1098 aris,

144 1113 186 1181 Et
200 1116 327 1180 mediam
342 1117 449 1180 tulerat
463 1137 578 1199 gressus
594 1117 730 1201 resupina
744 1138 798 1202 per
810 1118 925 1197 urbem,

143 1211 297 1277 Invidiosa
305 1215 383 1292 suis3
405 1228 435 1277 at
449 1236 528 1278 nunc
543 1214 712 1278 miseranda
722 1217 769 1279 vel
784 1217 879 1280 hosti!

143 1309 326 1395 Corporibus
340 1312 444 1395 gelidis
460 1311 620 1389 incumbit;
642 1327 674 1375 et
686 1312 788 1375 ordine
803 1313 884 1376 nullo

64 1463 71 1469 .
144 1407 257 1472 Oscula
270 1409 419 1494 dispensat
432 1423 517 1473 natos
531 1431 668 1493 suprema
683 1430 737 1493 per
750 1429 864 1498 omnes.

143 1506 175 1569 A
190 1507 295 1591 quibus
310 1507 347 1569 ad
361 1507 472 1570 coelum
485 1507 606 1571 liventia
619 1507 739 1571 brachia
752 1507 888 1586 tendens,

144 1604 301 1682 ‘Pascere‚
316 1605 453 1684 crudelis,
467 1619 577 1684 nostro,
592 1603 719 1684 Latona,
735 1605 853 1683 dolore;

143 1701 293 1780 Pascere,'
309 1703 366 1781 ait;
389 1704 536 1788 ‘setiaque
550 1724 619 1766 meo
633 1715 684 1766 tua
699 1716 819 1787 pectora
832 1703 931 1768 luctu:

146 1799 281 1884 [Corque
296 1799 390 1864 serum
404 1801 497 1878 satia,'
513 1801 604 1864 dixit:
629 1807 701 1885 ‘per
714 1799 816 1864 funera
829 1802 958 1885 septem]

144 1897 277 1962 Efferor:
300 1900 434 1977 exsulta3
456 1899 620 1985 victrixque
635 1899 752 1962 inimica
765 1898 924 1984 triumpha.

143 1995 209 2060 Cur
223 2011 323 2060 autem
338 1997 464 2062 victrix?
486 1996 597 2060 miserae
613 1996 685 2060 mihi
700 1997 784 2080 plura
797 2010 970 2081 supersunt,·

144 2093 248 2168 Quium
261 2095 313 2158 tibi
328 2093 422 2158 felici:
446 2108 513 2179 post
527 2107 571 2158 tot
586 2115 703 2178 quoque
720 2093 823 2157 lunera
839 2094 944 2157 vinco?

186 2192 330 2256 Dixerat:
353 2192 480 2255 insonuit
493 2204 633 2255 contento
647 2212 755 2255 nervus
769 2190 807 2253 ab
821 2212 908 2255 arcu:

144 2289 219 2368 Qui,
227 2304 333 2374 praeter
346 2289 376 2353 N
379 2290 466 2353 ioben
481 2310 581 2367 unam,
592 2287 751 2352 conterruit
765 2308 880 2351 omnes.

143 2387 199 2451 llla
212 2389 292 2452 malo
305 2401 350 2450 est
364 2387 472 2450 audax.
517 2386 640 2450 Stabant
654 2408 723 2449 cum
739 2385 868 2448 vestibus
882 2384 951 2448 atris
967 2406 969 2413 ’

143 2485 226 2549 Ante
240 2499 318 2548 toros
333 2484 452 2547 sratrum
468 2483 595 2546 demisso
609 2483 688 2545 crine
704 2501 827 2544 sorores.

143 2582 180 2661 ΕΙ
189 2583 293 2667 quibus
307 2603 377 2661 una,
392 2581 510 2650 trahens
525 2579 664 2644 haerentia
678 2580 790 2643 viscere
805 2578 875 2658 tela,
906 2585 910 2591 '

143 2680 287 2764 Imposito
301 2679 389 2760 sratri,
404 2679 577 2744 moribunda
591 2679 734 2762 relanguit
748 2699 811 2742 ore.

143 2779 258 2857 Altera,
273 2780 359 2842 solari
373 2779 511 2842 miseram
524 2792 630 2842 conata
644 2789 809 2862 parentem,

144 2876 297 2941 Conticuit
310 2877 418 2956 subitb,
433 2877 640 2961 duplicataque
656 2875 777 2938 vulnere
791 2894 871 2936 caeco
885 2885 941 2936 est.
998 2925 1006 2938 ,

146 2975 279 3061 [Oraque
294 2999 353 3039 non
369 2976 484 3060 pressit,
498 2973 553 3038 nisi
568 2986 724 3058 postquam
738 2971 856 3056 spiritus
870 2970 958 3054 exta]
1048 3002 1051 3007 ·

144 3071 218 3136 Haec
233 3073 338 3137 srustrai
352 3073 465 3156 fugiens
479 3073 649 3150 collabitur3
671 3072 721 3135 illa
734 3069 825 3134 sorori

144 3169 328 3233 lmmoritnr:
351 3171 424 3234 latet
438 3172 501 3234 lraec
510 3193 519 3248 ;
542 3171 621 3234 illam
635 3169 781 3253 trepidare
797 3167 922 3231 videres.

145 3267 266 3351 Sexque
282 3267 355 3330 datis
369 3268 440 3345 leto,
455 3269 628 3351 diversaque
643 3268 765 3330 vulnera
780 3264 883 3350 passis,
911 3275 917 3285 ‘

144 3365 258 3428 Ultima
271 3366 418 3429 restabat:
442 3386 531 3449 quarn
545 3379 608 3428 toto
621 3387 744 3449 corpore
759 3378 863 3440 mater,

144 3463 227 3528 Totis
240 3462 451 3546 vestetegens,
467 3471 476 3501 ‘
485 3463 596 3541 Unam,
612 3463 822 3546 minimamque
838 3460 970 3543 relinque
979 3479 989 3538 3

146 3560 196 3624 De
210 3563 308 3626 multis
323 3563 475 3626 minimam
489 3561 600 3647 posco,’
616 3561 764 3638 clamavit,
780 3567 829 3622 ‘et
843 3556 954 3620 unaruss
1044 3589 1046 3593 ν
