<?xml version="1.0" encoding="UTF-8"?>
<!DOCTYPE html PUBLIC "-//W3C//DTD XHTML 1.0 Transitional//EN"
    "http://www.w3.org/TR/xhtml1/DTD/xhtml1-transitional.dtd">
<html xmlns="http://www.w3.org/1999/xhtml" xml:lang="en" lang="en">
 <head>
  <title>
</title>
<meta http-equiv="Content-Type" content="text/html;charset=utf-8" />
  <meta name='ocr-system' content='tesseract 3.04.00' />
  <meta name='ocr-capabilities' content='ocr_page ocr_carea ocr_par ocr_line ocrx_word'/>
</head>
<body>
  <div class='ocr_page' id='page_1' title='image "./excerptaexscrip02ovidgoog_0070.png"; bbox 0 0 2536 4252; ppageno 0'>
   <div class='ocr_carea' id='block_1_1' title="bbox 445 359 781 447">
    <p class='ocr_par' dir='ltr' id='par_1_1' title="bbox 445 359 781 447">
     <span class='ocr_line' id='line_1_1' title="bbox 445 359 781 447; baseline 0.018 -6"><span class='ocrx_word' id='word_1_1' title='bbox 445 420 449 429; x_wconf 82' lang='lat'>-</span> <span class='ocrx_word' id='word_1_2' title='bbox 553 359 661 441; x_wconf 77' lang='lat' dir='ltr'><strong>crare</strong></span> <span class='ocrx_word' id='word_1_3' title='bbox 685 390 732 440; x_wconf 88' lang='lat' dir='ltr'><strong>rv.</strong></span> <span class='ocrx_word' id='word_1_4' title='bbox 778 440 781 447; x_wconf 92' lang='lat'>.</span> 
     </span>
    </p>
   </div>
   <div class='ocr_carea' id='block_1_2' title="bbox 148 542 1129 1608">
    <p class='ocr_par' dir='ltr' id='par_1_2' title="bbox 151 542 969 628">
     <span class='ocr_line' id='line_1_2' title="bbox 151 542 969 628; baseline -0.006 -22"><span class='ocrx_word' id='word_1_5' title='bbox 151 545 252 607; x_wconf 88' lang='lat' dir='ltr'><strong>Pande</strong></span> <span class='ocrx_word' id='word_1_6' title='bbox 267 544 425 628; x_wconf 80' lang='lat' dir='ltr'><strong>requirenti</strong></span> <span class='ocrx_word' id='word_1_7' title='bbox 437 564 548 606; x_wconf 84' lang='lat' dir='ltr'><strong>nomen</strong></span> <span class='ocrx_word' id='word_1_8' title='bbox 564 556 706 626; x_wconf 79' lang='lat' dir='ltr'><strong>terraque</strong></span> <span class='ocrx_word' id='word_1_9' title='bbox 721 554 883 623; x_wconf 80' lang='lat' dir='ltr'><strong>tuumque3</strong></span> <span class='ocrx_word' id='word_1_10' title='bbox 966 542 969 550; x_wconf 85' lang='lat'>&#39;</span> 
     </span>
    </p>

    <p class='ocr_par' dir='ltr' id='par_1_3' title="bbox 149 637 981 825">
     <span class='ocr_line' id='line_1_3' title="bbox 152 637 981 725; baseline -0.005 -20"><span class='ocrx_word' id='word_1_11' title='bbox 152 643 191 705; x_wconf 83' lang='lat' dir='ltr'><strong>Et</strong></span> <span class='ocrx_word' id='word_1_12' title='bbox 205 665 257 705; x_wconf 86' lang='lat' dir='ltr'><strong>our</strong></span> <span class='ocrx_word' id='word_1_13' title='bbox 271 642 365 705; x_wconf 86' lang='lat' dir='ltr'><strong>vincla</strong></span> <span class='ocrx_word' id='word_1_14' title='bbox 379 641 485 725; x_wconf 61' lang='lat' dir='ltr'><strong>geras?</strong></span> <span class='ocrx_word' id='word_1_15' title='bbox 531 640 633 702; x_wconf 79' lang='lat' dir='ltr'><strong>Primi&gt;</strong></span> <span class='ocrx_word' id='word_1_16' title='bbox 649 640 715 702; x_wconf 88' lang='lat' dir='ltr'><strong>silet</strong></span> <span class='ocrx_word' id='word_1_17' title='bbox 729 639 795 702; x_wconf 87' lang='lat' dir='ltr'><strong>illa:</strong></span> <span class='ocrx_word' id='word_1_18' title='bbox 818 660 874 701; x_wconf 90' lang='lat' dir='ltr'><strong>nec</strong></span> <span class='ocrx_word' id='word_1_19' title='bbox 889 637 981 703; x_wconf 85' lang='lat' dir='ltr'><strong>audet</strong></span> 
     </span>
     <span class='ocr_line' id='line_1_4' title="bbox 149 737 921 825; baseline -0.004 -22"><span class='ocrx_word' id='word_1_20' title='bbox 149 737 312 824; x_wconf 79' lang='lat' dir='ltr'><strong>Appellare</strong></span> <span class='ocrx_word' id='word_1_21' title='bbox 327 740 422 803; x_wconf 89' lang='lat' dir='ltr'><strong>virum</strong></span> <span class='ocrx_word' id='word_1_22' title='bbox 438 739 537 820; x_wconf 86' lang='lat' dir='ltr'><strong>virgo:</strong></span> <span class='ocrx_word' id='word_1_23' title='bbox 560 738 754 825; x_wconf 89' lang='lat' dir='ltr'><strong>manibusque</strong></span> <span class='ocrx_word' id='word_1_24' title='bbox 770 738 921 800; x_wconf 90' lang='lat' dir='ltr'><strong>modestos</strong></span> 
     </span>
    </p>

    <p class='ocr_par' dir='ltr' id='par_1_4' title="bbox 149 835 1127 1020">
     <span class='ocr_line' id='line_1_5' title="bbox 151 835 1127 918; baseline 0.001 -18"><span class='ocrx_word' id='word_1_25' title='bbox 151 837 288 901; x_wconf 76' lang='lat' dir='ltr'><strong>Celaisset</strong></span> <span class='ocrx_word' id='word_1_26' title='bbox 303 839 420 915; x_wconf 81' lang='lat' dir='ltr'><strong>vultus3</strong></span> <span class='ocrx_word' id='word_1_27' title='bbox 441 838 465 900; x_wconf 90' lang='lat' dir='ltr'><strong>sl</strong></span> <span class='ocrx_word' id='word_1_28' title='bbox 480 858 539 899; x_wconf 93' lang='lat' dir='ltr'><strong>non</strong></span> <span class='ocrx_word' id='word_1_29' title='bbox 553 836 675 918; x_wconf 84' lang='lat' dir='ltr'><strong>religata</strong></span> <span class='ocrx_word' id='word_1_30' title='bbox 689 835 802 898; x_wconf 85' lang='lat' dir='ltr'><strong>fuisset.</strong></span> <span class='ocrx_word' id='word_1_31' title='bbox 928 848 932 857; x_wconf 91' lang='lat'>&#39;</span> <span class='ocrx_word' id='word_1_32' title='bbox 1062 837 1127 901; x_wconf 65' lang='lat'><strong>320</strong></span> 
     </span>
     <span class='ocr_line' id='line_1_6' title="bbox 149 934 945 1020; baseline -0.003 -22"><span class='ocrx_word' id='word_1_33' title='bbox 149 935 289 1014; x_wconf 84' lang='lat' dir='ltr'><strong>Lumina,</strong></span> <span class='ocrx_word' id='word_1_34' title='bbox 306 937 385 1020; x_wconf 93' lang='lat' dir='ltr'><strong>quod</strong></span> <span class='ocrx_word' id='word_1_35' title='bbox 400 935 506 1020; x_wconf 91' lang='lat' dir='ltr'><strong>potuit,</strong></span> <span class='ocrx_word' id='word_1_36' title='bbox 521 934 659 1018; x_wconf 81' lang='lat' dir='ltr'>lacrymis</span> <span class='ocrx_word' id='word_1_37' title='bbox 674 934 809 1017; x_wconf 86' lang='lat' dir='ltr'><strong>implevit</strong></span> <span class='ocrx_word' id='word_1_38' title='bbox 824 934 945 997; x_wconf 87' lang='lat' dir='ltr'><strong>obortis.</strong></span> 
     </span>
    </p>

    <p class='ocr_par' dir='ltr' id='par_1_5' title="bbox 150 1031 749 1118">
     <span class='ocr_line' id='line_1_7' title="bbox 150 1031 749 1118; baseline 0 -22"><span class='ocrx_word' id='word_1_39' title='bbox 150 1034 264 1118; x_wconf 76' lang='lat' dir='ltr'><strong>Sapius</strong></span> <span class='ocrx_word' id='word_1_40' title='bbox 278 1034 407 1112; x_wconf 87' lang='lat' dir='ltr'><strong>instanti,</strong></span> <span class='ocrx_word' id='word_1_41' title='bbox 421 1055 527 1097; x_wconf 88' lang='lat' dir='ltr'><strong>suane</strong></span> <span class='ocrx_word' id='word_1_42' title='bbox 543 1033 652 1095; x_wconf 89' lang='lat' dir='ltr'><strong>delicta</strong></span> <span class='ocrx_word' id='word_1_43' title='bbox 666 1031 749 1096; x_wconf 85' lang='lat' dir='ltr'><strong>fateri</strong></span> 
     </span>
    </p>

    <p class='ocr_par' dir='ltr' id='par_1_6' title="bbox 149 1131 874 1215">
     <span class='ocr_line' id='line_1_8' title="bbox 149 1131 874 1215; baseline -0.003 -21"><span class='ocrx_word' id='word_1_44' title='bbox 149 1131 238 1195; x_wconf 92' lang='lat' dir='ltr'><strong>Nolle</strong></span> <span class='ocrx_word' id='word_1_45' title='bbox 254 1133 413 1211; x_wconf 88' lang='lat' dir='ltr'><strong>videretur,</strong></span> <span class='ocrx_word' id='word_1_46' title='bbox 428 1153 537 1197; x_wconf 87' lang='lat' dir='ltr'><strong>nornen</strong></span> <span class='ocrx_word' id='word_1_47' title='bbox 552 1144 698 1215; x_wconf 74' lang='lat' dir='ltr'><strong>terraeque</strong></span> <span class='ocrx_word' id='word_1_48' title='bbox 713 1131 874 1215; x_wconf 78' lang='lat' dir='ltr'><strong>suumque,</strong></span> 
     </span>
    </p>

    <p class='ocr_par' dir='ltr' id='par_1_7' title="bbox 150 1228 833 1315">
     <span class='ocr_line' id='line_1_9' title="bbox 150 1228 833 1315; baseline 0.001 -24"><span class='ocrx_word' id='word_1_49' title='bbox 150 1228 332 1315; x_wconf 82' lang='lat' dir='ltr'><strong>Quantaque</strong></span> <span class='ocrx_word' id='word_1_50' title='bbox 347 1245 485 1293; x_wconf 83' lang='lat' dir='ltr'><strong>materna</strong></span> <span class='ocrx_word' id='word_1_51' title='bbox 501 1229 588 1293; x_wconf 88' lang='lat' dir='ltr'><strong>suerit</strong></span> <span class='ocrx_word' id='word_1_52' title='bbox 600 1230 708 1292; x_wconf 88' lang='lat' dir='ltr'><strong>fiducia</strong></span> <span class='ocrx_word' id='word_1_53' title='bbox 723 1229 833 1307; x_wconf 78' lang='lat' dir='ltr'><strong>formae,</strong></span> 
     </span>
    </p>

    <p class='ocr_par' dir='ltr' id='par_1_8' title="bbox 148 1326 1129 1509">
     <span class='ocr_line' id='line_1_10' title="bbox 148 1326 1129 1406; baseline 0.004 -18"><span class='ocrx_word' id='word_1_54' title='bbox 148 1326 273 1391; x_wconf 84' lang='lat' dir='ltr'>Iudicat.</span> <span class='ocrx_word' id='word_1_55' title='bbox 318 1328 370 1406; x_wconf 87' lang='lat' dir='ltr'><strong>Et,</strong></span> <span class='ocrx_word' id='word_1_56' title='bbox 385 1328 517 1390; x_wconf 93' lang='lat' dir='ltr'><strong>nondum</strong></span> <span class='ocrx_word' id='word_1_57' title='bbox 532 1328 700 1389; x_wconf 89' lang='lat' dir='ltr'><strong>memoratis</strong></span> <span class='ocrx_word' id='word_1_58' title='bbox 715 1328 862 1403; x_wconf 91' lang='lat' dir='ltr'><strong>omnibus,</strong></span> <span class='ocrx_word' id='word_1_59' title='bbox 877 1327 958 1389; x_wconf 91' lang='lat' dir='ltr'><strong>unda</strong></span> <span class='ocrx_word' id='word_1_60' title='bbox 1064 1330 1129 1392; x_wconf 75' lang='lat'><strong>325</strong></span> 
     </span>
     <span class='ocr_line' id='line_1_11' title="bbox 148 1425 883 1509; baseline 0 -21"><span class='ocrx_word' id='word_1_61' title='bbox 148 1426 298 1488; x_wconf 91' lang='lat' dir='ltr'><strong>lnsonuit:</strong></span> <span class='ocrx_word' id='word_1_62' title='bbox 322 1427 502 1509; x_wconf 91' lang='lat' dir='ltr'><strong>veniensque</strong></span> <span class='ocrx_word' id='word_1_63' title='bbox 517 1425 663 1488; x_wconf 89' lang='lat' dir='ltr'><strong>immenso</strong></span> <span class='ocrx_word' id='word_1_64' title='bbox 677 1425 777 1486; x_wconf 86' lang='lat' dir='ltr'>bellua</span> <span class='ocrx_word' id='word_1_65' title='bbox 791 1440 883 1508; x_wconf 90' lang='lat' dir='ltr'><strong>ponto</strong></span> 
     </span>
    </p>

    <p class='ocr_par' dir='ltr' id='par_1_9' title="bbox 149 1523 912 1608">
     <span class='ocr_line' id='line_1_12' title="bbox 149 1523 912 1608; baseline 0 -22"><span class='ocrx_word' id='word_1_66' title='bbox 149 1523 281 1602; x_wconf 87' lang='lat' dir='ltr'><strong>Eminet,</strong></span> <span class='ocrx_word' id='word_1_67' title='bbox 297 1539 327 1587; x_wconf 91' lang='lat' dir='ltr'><strong>et</strong></span> <span class='ocrx_word' id='word_1_68' title='bbox 341 1524 433 1587; x_wconf 91' lang='lat' dir='ltr'><strong>latum</strong></span> <span class='ocrx_word' id='word_1_69' title='bbox 448 1525 503 1586; x_wconf 90' lang='lat' dir='ltr'><strong>sub</strong></span> <span class='ocrx_word' id='word_1_70' title='bbox 518 1536 637 1607; x_wconf 89' lang='lat' dir='ltr'><strong>pectore</strong></span> <span class='ocrx_word' id='word_1_71' title='bbox 652 1524 784 1606; x_wconf 89' lang='lat' dir='ltr'><strong>possidet</strong></span> <span class='ocrx_word' id='word_1_72' title='bbox 803 1545 912 1608; x_wconf 83' lang='lat' dir='ltr'><strong>aequor.</strong></span> 
     </span>
    </p>
   </div>
   <div class='ocr_carea' id='block_1_3' title="bbox 56 1622 895 1707">
    <p class='ocr_par' dir='ltr' id='par_1_10' title="bbox 56 1622 895 1707">
     <span class='ocr_line' id='line_1_13' title="bbox 56 1622 895 1707; baseline -0.006 -18"><span class='ocrx_word' id='word_1_73' title='bbox 56 1674 64 1689; x_wconf 88' lang='lat'><strong>.</strong></span> <span class='ocrx_word' id='word_1_74' title='bbox 149 1622 326 1686; x_wconf 85' lang='lat' dir='ltr'>Conclamat</span> <span class='ocrx_word' id='word_1_75' title='bbox 341 1623 440 1707; x_wconf 86' lang='lat' dir='ltr'><strong>virgo:</strong></span> <span class='ocrx_word' id='word_1_76' title='bbox 463 1622 578 1704; x_wconf 80' lang='lat' dir='ltr'><strong>genitor</strong></span> <span class='ocrx_word' id='word_1_77' title='bbox 592 1622 731 1704; x_wconf 83' lang='lat' dir='ltr'><strong>lugubris,</strong></span> <span class='ocrx_word' id='word_1_78' title='bbox 747 1637 777 1685; x_wconf 91' lang='lat' dir='ltr'><strong>et</strong></span> <span class='ocrx_word' id='word_1_79' title='bbox 793 1624 895 1684; x_wconf 83' lang='lat' dir='ltr'><strong>eruens</strong></span> 
     </span>
    </p>
   </div>
   <div class='ocr_carea' id='block_1_4' title="bbox 142 1718 1189 3672">
    <p class='ocr_par' dir='ltr' id='par_1_11' title="bbox 147 1718 1129 2275">
     <span class='ocr_line' id='line_1_14' title="bbox 150 1718 859 1806; baseline 0 -24"><span class='ocrx_word' id='word_1_80' title='bbox 150 1718 249 1784; x_wconf 85' lang='lat' dir='ltr'><strong>Mater</strong></span> <span class='ocrx_word' id='word_1_81' title='bbox 263 1721 364 1800; x_wconf 91' lang='lat' dir='ltr'><strong>adest;</strong></span> <span class='ocrx_word' id='word_1_82' title='bbox 387 1721 474 1784; x_wconf 89' lang='lat' dir='ltr'><strong>ambo</strong></span> <span class='ocrx_word' id='word_1_83' title='bbox 489 1722 597 1799; x_wconf 90' lang='lat' dir='ltr'><strong>miseri,</strong></span> <span class='ocrx_word' id='word_1_84' title='bbox 613 1721 667 1783; x_wconf 89' lang='lat' dir='ltr'><strong>sed</strong></span> <span class='ocrx_word' id='word_1_85' title='bbox 678 1720 785 1806; x_wconf 79' lang='lat' dir='ltr'><strong>justius</strong></span> <span class='ocrx_word' id='word_1_86' title='bbox 799 1721 859 1784; x_wconf 92' lang='lat' dir='ltr'><strong>illa.</strong></span> 
     </span>
     <span class='ocr_line' id='line_1_15' title="bbox 149 1817 1129 1902; baseline 0.005 -22"><span class='ocrx_word' id='word_1_87' title='bbox 149 1817 215 1882; x_wconf 91' lang='lat' dir='ltr'><strong>Nec</strong></span> <span class='ocrx_word' id='word_1_88' title='bbox 228 1841 331 1882; x_wconf 92' lang='lat' dir='ltr'><strong>secum</strong></span> <span class='ocrx_word' id='word_1_89' title='bbox 345 1819 499 1896; x_wconf 85' lang='lat' dir='ltr'><strong>auxilium,</strong></span> <span class='ocrx_word' id='word_1_90' title='bbox 514 1820 567 1882; x_wconf 89' lang='lat' dir='ltr'><strong>sed</strong></span> <span class='ocrx_word' id='word_1_91' title='bbox 582 1820 685 1901; x_wconf 80' lang='lat' dir='ltr'><strong>dignos</strong></span> <span class='ocrx_word' id='word_1_92' title='bbox 699 1833 834 1902; x_wconf 88' lang='lat' dir='ltr'><strong>tempore</strong></span> <span class='ocrx_word' id='word_1_93' title='bbox 850 1819 948 1897; x_wconf 89' lang='lat' dir='ltr'><strong>lletus,</strong></span> <span class='ocrx_word' id='word_1_94' title='bbox 1064 1820 1129 1885; x_wconf 82' lang='lat'><strong>330</strong></span> 
     </span>
     <span class='ocr_line' id='line_1_16' title="bbox 148 1908 1054 2002; baseline 0.001 -24"><span class='ocrx_word' id='word_1_95' title='bbox 148 1915 384 2002; x_wconf 86' lang='lat' dir='ltr'><strong>Plangeremque</strong></span> <span class='ocrx_word' id='word_1_96' title='bbox 400 1917 512 1992; x_wconf 86' lang='lat' dir='ltr'><strong>lerunt:</strong></span> <span class='ocrx_word' id='word_1_97' title='bbox 537 1908 695 2002; x_wconf 73' lang='lat' dir='ltr'><strong>rinctoque</strong></span> <span class='ocrx_word' id='word_1_98' title='bbox 710 1917 740 1981; x_wconf 91' lang='lat' dir='ltr'><strong>in</strong></span> <span class='ocrx_word' id='word_1_99' title='bbox 754 1939 878 2001; x_wconf 87' lang='lat' dir='ltr'><strong>corpore</strong></span> <span class='ocrx_word' id='word_1_100' title='bbox 893 1917 1054 1980; x_wconf 80' lang='lat' dir='ltr'><strong>adherent.</strong></span> 
     </span>
     <span class='ocr_line' id='line_1_17' title="bbox 148 2014 977 2100; baseline 0.002 -24"><span class='ocrx_word' id='word_1_101' title='bbox 148 2014 230 2078; x_wconf 83' lang='lat' dir='ltr'><strong>Cirm</strong></span> <span class='ocrx_word' id='word_1_102' title='bbox 244 2016 287 2079; x_wconf 91' lang='lat' dir='ltr'><strong>sic</strong></span> <span class='ocrx_word' id='word_1_103' title='bbox 302 2017 411 2100; x_wconf 88' lang='lat' dir='ltr'><strong>hospes</strong></span> <span class='ocrx_word' id='word_1_104' title='bbox 426 2016 482 2079; x_wconf 87' lang='lat' dir='ltr'><strong>ait:</strong></span> <span class='ocrx_word' id='word_1_105' title='bbox 507 2017 740 2100; x_wconf 87' lang='lat' dir='ltr'><strong>‘Laorymarum</strong></span> <span class='ocrx_word' id='word_1_106' title='bbox 755 2015 843 2098; x_wconf 85' lang='lat' dir='ltr'><strong>longa</strong></span> <span class='ocrx_word' id='word_1_107' title='bbox 856 2037 977 2080; x_wconf 90' lang='lat' dir='ltr'><strong>manere</strong></span> 
     </span>
     <span class='ocr_line' id='line_1_18' title="bbox 147 2112 1128 2198; baseline 0.002 -22"><span class='ocrx_word' id='word_1_108' title='bbox 147 2112 300 2198; x_wconf 81' lang='lat' dir='ltr'><strong>Tempora</strong></span> <span class='ocrx_word' id='word_1_109' title='bbox 322 2137 374 2176; x_wconf 93' lang='lat' dir='ltr'><strong>vos</strong></span> <span class='ocrx_word' id='word_1_110' title='bbox 405 2129 560 2198; x_wconf 87' lang='lat' dir='ltr'><strong>putemnt:</strong></span> <span class='ocrx_word' id='word_1_111' title='bbox 585 2115 622 2177; x_wconf 92' lang='lat' dir='ltr'><strong>ad</strong></span> <span class='ocrx_word' id='word_1_112' title='bbox 650 2137 740 2198; x_wconf 91' lang='lat' dir='ltr'><strong>opem</strong></span> <span class='ocrx_word' id='word_1_113' title='bbox 762 2115 860 2177; x_wconf 89' lang='lat' dir='ltr'><strong>brevis</strong></span> <span class='ocrx_word' id='word_1_114' title='bbox 881 2116 954 2178; x_wconf 90' lang='lat' dir='ltr'><strong>hora</strong></span> <span class='ocrx_word' id='word_1_115' title='bbox 976 2113 1128 2178; x_wconf 85' lang='lat' dir='ltr'><strong>serendam</strong></span> 
     </span>
     <span class='ocr_line' id='line_1_19' title="bbox 276 2226 827 2275; baseline 0.007 -1"><span class='ocrx_word' id='word_1_116' title='bbox 276 2226 332 2275; x_wconf 91' lang='lat' dir='ltr'><strong>est.</strong></span> <span class='ocrx_word' id='word_1_117' title='bbox 824 2234 827 2239; x_wconf 88' lang='grc'><em>·</em></span> 
     </span>
    </p>

    <p class='ocr_par' dir='ltr' id='par_1_12' title="bbox 145 2296 1189 3080">
     <span class='ocr_line' id='line_1_20' title="bbox 147 2296 956 2394; baseline 0.005 -23"><span class='ocrx_word' id='word_1_118' title='bbox 147 2308 235 2373; x_wconf 89' lang='lat' dir='ltr'><strong>Hanc</strong></span> <span class='ocrx_word' id='word_1_119' title='bbox 251 2332 307 2392; x_wconf 86' lang='lat' dir='ltr'><strong>ego</strong></span> <span class='ocrx_word' id='word_1_120' title='bbox 320 2311 345 2373; x_wconf 84' lang='lat' dir='ltr'><strong>si</strong></span> <span class='ocrx_word' id='word_1_121' title='bbox 361 2323 494 2394; x_wconf 88' lang='lat' dir='ltr'><strong>peterem</strong></span> <span class='ocrx_word' id='word_1_122' title='bbox 509 2296 637 2373; x_wconf 83' lang='lat' dir='ltr'><strong>Perseus</strong></span> <span class='ocrx_word' id='word_1_123' title='bbox 652 2310 730 2373; x_wconf 89' lang='lat' dir='ltr'><strong>Jove</strong></span> <span class='ocrx_word' id='word_1_124' title='bbox 745 2323 842 2388; x_wconf 88' lang='lat' dir='ltr'><strong>natus,</strong></span> <span class='ocrx_word' id='word_1_125' title='bbox 858 2324 888 2374; x_wconf 90' lang='lat' dir='ltr'><strong>et</strong></span> <span class='ocrx_word' id='word_1_126' title='bbox 907 2311 956 2375; x_wconf 89' lang='lat' dir='ltr'><strong>ille</strong></span> 
     </span>
     <span class='ocr_line' id='line_1_21' title="bbox 147 2398 1189 2491; baseline 0.007 -23"><span class='ocrx_word' id='word_1_127' title='bbox 147 2407 293 2489; x_wconf 83' lang='lat' dir='ltr'><strong>Gorgonis</strong></span> <span class='ocrx_word' id='word_1_128' title='bbox 307 2409 488 2490; x_wconf 81' lang='lat' dir='ltr'><strong>anguicomae</strong></span> <span class='ocrx_word' id='word_1_129' title='bbox 503 2407 632 2470; x_wconf 86' lang='lat' dir='ltr'><strong>Perseus</strong></span> <span class='ocrx_word' id='word_1_130' title='bbox 646 2422 810 2491; x_wconf 86' lang='lat' dir='ltr'><strong>superator,</strong></span> <span class='ocrx_word' id='word_1_131' title='bbox 826 2421 857 2471; x_wconf 88' lang='lat' dir='ltr'><strong>ct</strong></span> <span class='ocrx_word' id='word_1_132' title='bbox 871 2409 924 2472; x_wconf 89' lang='lat' dir='ltr'><strong>alis</strong></span> <span class='ocrx_word' id='word_1_133' title='bbox 1063 2413 1128 2475; x_wconf 81' lang='lat'><strong>335</strong></span> <span class='ocrx_word' id='word_1_134' title='bbox 1184 2398 1189 2407; x_wconf 44' lang='lat'><strong><em>¹</em></strong></span> 
     </span>
     <span class='ocr_line' id='line_1_22' title="bbox 148 2504 784 2589; baseline 0 -23"><span class='ocrx_word' id='word_1_135' title='bbox 148 2504 306 2566; x_wconf 86' lang='lat' dir='ltr'><strong>AEthereas</strong></span> <span class='ocrx_word' id='word_1_136' title='bbox 322 2526 409 2566; x_wconf 87' lang='lat' dir='ltr'><strong>ausus</strong></span> <span class='ocrx_word' id='word_1_137' title='bbox 421 2504 540 2589; x_wconf 87' lang='lat' dir='ltr'><strong>jactatis</strong></span> <span class='ocrx_word' id='word_1_138' title='bbox 554 2505 596 2567; x_wconf 91' lang='lat' dir='ltr'><strong>ire</strong></span> <span class='ocrx_word' id='word_1_139' title='bbox 612 2525 667 2588; x_wconf 87' lang='lat' dir='ltr'><strong>per</strong></span> <span class='ocrx_word' id='word_1_140' title='bbox 681 2526 784 2581; x_wconf 91' lang='lat' dir='ltr'><strong>auras;</strong></span> 
     </span>
     <span class='ocr_line' id='line_1_23' title="bbox 147 2599 916 2689; baseline 0.004 -27"><span class='ocrx_word' id='word_1_141' title='bbox 147 2599 304 2663; x_wconf 83' lang='lat' dir='ltr'><strong>Praeserrer</strong></span> <span class='ocrx_word' id='word_1_142' title='bbox 318 2602 432 2664; x_wconf 90' lang='lat' dir='ltr'><strong>cunetis</strong></span> <span class='ocrx_word' id='word_1_143' title='bbox 446 2602 528 2664; x_wconf 77' lang='lat' dir='ltr'><strong>certe</strong></span> <span class='ocrx_word' id='word_1_144' title='bbox 543 2623 645 2684; x_wconf 83' lang='lat' dir='ltr'><strong>gener.</strong></span> <span class='ocrx_word' id='word_1_145' title='bbox 680 2601 813 2684; x_wconf 51' lang='lat' dir='ltr'><strong>¹Addere</strong></span> <span class='ocrx_word' id='word_1_146' title='bbox 827 2603 916 2689; x_wconf 79' lang='lat' dir='ltr'><strong>tpntis</strong></span> 
     </span>
     <span class='ocr_line' id='line_1_24' title="bbox 146 2697 990 2788; baseline 0.007 -28"><span class='ocrx_word' id='word_1_147' title='bbox 146 2697 275 2761; x_wconf 89' lang='lat' dir='ltr'><strong>Dotibus</strong></span> <span class='ocrx_word' id='word_1_148' title='bbox 291 2713 322 2762; x_wconf 92' lang='lat' dir='ltr'><strong>et</strong></span> <span class='ocrx_word' id='word_1_149' title='bbox 336 2700 474 2762; x_wconf 88' lang='lat' dir='ltr'><strong>meritum</strong></span> <span class='ocrx_word' id='word_1_150' title='bbox 491 2700 625 2787; x_wconf 81' lang='lat' dir='ltr'><strong>(faveant</strong></span> <span class='ocrx_word' id='word_1_151' title='bbox 638 2700 729 2764; x_wconf 78' lang='lat' dir='ltr'><strong>modo</strong></span> <span class='ocrx_word' id='word_1_152' title='bbox 743 2700 879 2788; x_wconf 89' lang='lat' dir='ltr'><strong>numina)</strong></span> <span class='ocrx_word' id='word_1_153' title='bbox 896 2715 990 2767; x_wconf 87' lang='lat' dir='ltr'><strong>tento.</strong></span> 
     </span>
     <span class='ocr_line' id='line_1_25' title="bbox 146 2795 927 2882; baseline 0.006 -24"><span class='ocrx_word' id='word_1_154' title='bbox 146 2795 190 2859; x_wconf 91' lang='lat' dir='ltr'><strong>Ut</strong></span> <span class='ocrx_word' id='word_1_155' title='bbox 205 2818 272 2859; x_wconf 86' lang='lat' dir='ltr'><strong>mea</strong></span> <span class='ocrx_word' id='word_1_156' title='bbox 286 2798 333 2875; x_wconf 90' lang='lat' dir='ltr'><strong>sit,</strong></span> <span class='ocrx_word' id='word_1_157' title='bbox 347 2812 464 2861; x_wconf 83' lang='lat' dir='ltr'><strong>servata</strong></span> <span class='ocrx_word' id='word_1_158' title='bbox 478 2820 548 2861; x_wconf 92' lang='lat' dir='ltr'><strong>mea</strong></span> <span class='ocrx_word' id='word_1_159' title='bbox 562 2799 681 2876; x_wconf 89' lang='lat' dir='ltr'><strong>virtute,</strong></span> <span class='ocrx_word' id='word_1_160' title='bbox 696 2799 852 2882; x_wconf 63' lang='lat' dir='ltr'><strong>paciscor!</strong></span> <span class='ocrx_word' id='word_1_161' title='bbox 918 2808 927 2820; x_wconf 56' lang='lat'><strong>⁸</strong></span> 
     </span>
     <span class='ocr_line' id='line_1_26' title="bbox 145 2864 1126 2984; baseline 0.011 -27"><span class='ocrx_word' id='word_1_162' title='bbox 145 2895 308 2978; x_wconf 86' lang='lat' dir='ltr'><strong>Accipiunt</strong></span> <span class='ocrx_word' id='word_1_163' title='bbox 322 2897 431 2979; x_wconf 87' lang='lat' dir='ltr'><strong>legem,</strong></span> <span class='ocrx_word' id='word_1_164' title='bbox 450 2895 529 2983; x_wconf 88' lang='lat' dir='ltr'><strong>(quis</strong></span> <span class='ocrx_word' id='word_1_165' title='bbox 545 2898 623 2961; x_wconf 91' lang='lat' dir='ltr'><strong>enim</strong></span> <span class='ocrx_word' id='word_1_166' title='bbox 640 2896 823 2984; x_wconf 76' lang='lat' dir='ltr'><strong>dubitaretl)</strong></span> <span class='ocrx_word' id='word_1_167' title='bbox 840 2912 872 2962; x_wconf 91' lang='lat' dir='ltr'><strong>et</strong></span> <span class='ocrx_word' id='word_1_168' title='bbox 886 2912 981 2978; x_wconf 86' lang='lat' dir='ltr'><strong>orant,</strong></span> <span class='ocrx_word' id='word_1_169' title='bbox 1060 2864 1126 2967; x_wconf 73' lang='lat'><strong>340</strong></span> 
     </span>
     <span class='ocr_line' id='line_1_27' title="bbox 145 2992 916 3080; baseline 0.007 -25"><span class='ocrx_word' id='word_1_170' title='bbox 145 2992 384 3079; x_wconf 81' lang='lat' dir='ltr'><strong>Promittantque</strong></span> <span class='ocrx_word' id='word_1_171' title='bbox 398 2996 489 3079; x_wconf 78' lang='lat' dir='ltr'><strong>sup‘er</strong></span> <span class='ocrx_word' id='word_1_172' title='bbox 502 3017 626 3078; x_wconf 83' lang='lat' dir='ltr'><strong>regnum</strong></span> <span class='ocrx_word' id='word_1_173' title='bbox 641 2996 750 3074; x_wconf 87' lang='lat' dir='ltr'><strong>dotale,</strong></span> <span class='ocrx_word' id='word_1_174' title='bbox 766 3012 916 3080; x_wconf 86' lang='lat' dir='ltr'><strong>parentes.</strong></span> 
     </span>
    </p>

    <p class='ocr_par' dir='ltr' id='par_1_13' title="bbox 142 3091 1124 3672">
     <span class='ocr_line' id='line_1_28' title="bbox 188 3091 860 3178; baseline 0.009 -25"><span class='ocrx_word' id='word_1_175' title='bbox 188 3091 271 3154; x_wconf 88' lang='lat' dir='ltr'><strong>Ecce</strong></span> <span class='ocrx_word' id='word_1_176' title='bbox 287 3093 369 3156; x_wconf 88' lang='lat' dir='ltr'><strong>velut</strong></span> <span class='ocrx_word' id='word_1_177' title='bbox 383 3095 476 3173; x_wconf 89' lang='lat' dir='ltr'><strong>navis,</strong></span> <span class='ocrx_word' id='word_1_178' title='bbox 491 3095 612 3178; x_wconf 84' lang='lat' dir='ltr'><strong>praefixo</strong></span> <span class='ocrx_word' id='word_1_179' title='bbox 626 3096 742 3158; x_wconf 88' lang='lat' dir='ltr'><strong>concita</strong></span> <span class='ocrx_word' id='word_1_180' title='bbox 756 3110 860 3174; x_wconf 88' lang='lat' dir='ltr'><strong>rostro,</strong></span> 
     </span>
     <span class='ocr_line' id='line_1_29' title="bbox 145 3188 938 3275; baseline 0.01 -25"><span class='ocrx_word' id='word_1_181' title='bbox 145 3188 247 3260; x_wconf 82' lang='lat' dir='ltr'><strong>Sulcat</strong></span> <span class='ocrx_word' id='word_1_182' title='bbox 262 3212 363 3274; x_wconf 86' lang='lat' dir='ltr'><strong>aquas,</strong></span> <span class='ocrx_word' id='word_1_183' title='bbox 375 3190 520 3275; x_wconf 89' lang='lat' dir='ltr'><strong>juvenum</strong></span> <span class='ocrx_word' id='word_1_184' title='bbox 534 3193 707 3256; x_wconf 88' lang='lat' dir='ltr'><strong>sudantibus</strong></span> <span class='ocrx_word' id='word_1_185' title='bbox 722 3208 789 3257; x_wconf 91' lang='lat' dir='ltr'><strong>acta</strong></span> <span class='ocrx_word' id='word_1_186' title='bbox 803 3194 938 3273; x_wconf 82' lang='lat' dir='ltr'><strong>lacertis3</strong></span> 
     </span>
     <span class='ocr_line' id='line_1_30' title="bbox 144 3287 808 3373; baseline 0.009 -24"><span class='ocrx_word' id='word_1_187' title='bbox 144 3287 193 3349; x_wconf 90' lang='lat' dir='ltr'><strong>Sic</strong></span> <span class='ocrx_word' id='word_1_188' title='bbox 209 3287 280 3365; x_wconf 87' lang='lat' dir='ltr'><strong>sera,</strong></span> <span class='ocrx_word' id='word_1_189' title='bbox 296 3289 411 3351; x_wconf 86' lang='lat' dir='ltr'><strong>dimotis</strong></span> <span class='ocrx_word' id='word_1_190' title='bbox 427 3290 553 3372; x_wconf 91' lang='lat' dir='ltr'><strong>impulsu</strong></span> <span class='ocrx_word' id='word_1_191' title='bbox 569 3292 696 3373; x_wconf 90' lang='lat' dir='ltr'><strong>pectoris</strong></span> <span class='ocrx_word' id='word_1_192' title='bbox 711 3293 808 3371; x_wconf 86' lang='lat' dir='ltr'><strong>undis,</strong></span> 
     </span>
     <span class='ocr_line' id='line_1_31' title="bbox 143 3384 1124 3471; baseline 0.01 -24"><span class='ocrx_word' id='word_1_193' title='bbox 143 3384 275 3448; x_wconf 89' lang='lat' dir='ltr'><strong>Tantum</strong></span> <span class='ocrx_word' id='word_1_194' title='bbox 291 3386 390 3449; x_wconf 87' lang='lat' dir='ltr'><strong>aberat</strong></span> <span class='ocrx_word' id='word_1_195' title='bbox 405 3386 549 3470; x_wconf 62' lang='lat' dir='ltr'><strong>seopulis,</strong></span> <span class='ocrx_word' id='word_1_196' title='bbox 560 3403 701 3471; x_wconf 90' lang='lat' dir='ltr'><strong>quantum</strong></span> <span class='ocrx_word' id='word_1_197' title='bbox 715 3389 872 3454; x_wconf 84' lang='lat' dir='ltr'><strong>Balearica</strong></span> <span class='ocrx_word' id='word_1_198' title='bbox 885 3405 964 3455; x_wconf 90' lang='lat' dir='ltr'><strong>torto</strong></span> <span class='ocrx_word' id='word_1_199' title='bbox 1059 3395 1124 3458; x_wconf 75' lang='lat'><strong>345</strong></span> 
     </span>
     <span class='ocr_line' id='line_1_32' title="bbox 143 3482 924 3568; baseline 0.013 -24"><span class='ocrx_word' id='word_1_200' title='bbox 143 3482 251 3546; x_wconf 78' lang='lat' dir='ltr'><strong>Funde</strong></span> <span class='ocrx_word' id='word_1_201' title='bbox 265 3498 363 3568; x_wconf 90' lang='lat' dir='ltr'><strong>potest</strong></span> <span class='ocrx_word' id='word_1_202' title='bbox 377 3485 500 3568; x_wconf 91' lang='lat' dir='ltr'><strong>plumbo</strong></span> <span class='ocrx_word' id='word_1_203' title='bbox 514 3486 605 3549; x_wconf 90' lang='lat' dir='ltr'><strong>medii</strong></span> <span class='ocrx_word' id='word_1_204' title='bbox 620 3489 817 3552; x_wconf 84' lang='lat' dir='ltr'><strong>transmittere</strong></span> <span class='ocrx_word' id='word_1_205' title='bbox 833 3489 924 3554; x_wconf 87' lang='lat' dir='ltr'><strong>coeli:</strong></span> 
     </span>
     <span class='ocr_line' id='line_1_33' title="bbox 142 3579 879 3672; baseline 0.008 -26"><span class='ocrx_word' id='word_1_206' title='bbox 142 3579 224 3646; x_wconf 75' lang='lat' dir='ltr'><strong>cum</strong></span> <span class='ocrx_word' id='word_1_207' title='bbox 238 3582 337 3645; x_wconf 53' lang='lat' dir='ltr'><strong>subito*</strong></span> <span class='ocrx_word' id='word_1_208' title='bbox 345 3581 474 3668; x_wconf 77' lang='lat' dir='ltr'><strong>junenis,</strong></span> <span class='ocrx_word' id='word_1_209' title='bbox 489 3584 615 3668; x_wconf 87' lang='lat' dir='ltr'><strong>pedibus</strong></span> <span class='ocrx_word' id='word_1_210' title='bbox 628 3586 733 3650; x_wconf 89' lang='lat' dir='ltr'><strong>tellure</strong></span> <span class='ocrx_word' id='word_1_211' title='bbox 747 3587 879 3672; x_wconf 68' lang='lat' dir='ltr'><strong>repulsa,</strong></span> 
     </span>
    </p>
   </div>
   <div class='ocr_carea' id='block_1_5' title="bbox 0 0 1272 4252">
    <p class='ocr_par' dir='ltr' id='par_1_14' title="bbox 0 0 1272 4252">
     <span class='ocr_line' id='line_1_34' title="bbox 0 0 1272 4252; baseline 0 2"><span class='ocrx_word' id='word_1_212' title='bbox 0 0 1272 4252; x_wconf 95' lang='lat' dir='ltr'><strong> </strong></span> 
     </span>
    </p>
   </div>
  </div>
 </body>
</html>
