2536 4252
141 387 184 455 aa
386 371 393 385 '
450 393 798 443 maranoaruosson

140 542 339 627 Deseruitque
355 544 480 605 ducem:
502 543 632 626 caelique
645 542 784 625 cupidine
799 555 909 606 tractus

141 642 237 705 Altius
252 643 313 725 egit
328 641 392 704 iter.
437 639 547 725 Rapidi
563 640 670 703 vicinia
683 640 751 702 solis

132 728 237 802 'Mona
251 740 398 814 odoratas,
412 752 576 820 pennarum
592 737 718 814 vincula,
733 757 816 799 ceras

139 834 310 899 Tabuerant
324 856 416 898 cerae:
439 834 533 899 nudos
549 834 641 917 quatit
656 834 705 897 ille
719 835 863 897 lacertos:
937 832 939 838 ’

139 931 338 1017 Remigioque
352 953 454 994 carens
469 953 528 993 non
543 931 617 993 ullas
633 931 757 1015 percipit
771 952 867 994 auras.

138 1029 259 1114 Oraque
274 1028 551 1116 caeruleaspatrium
566 1029 723 1092 clamantia
736 1050 856 1106 nomen,

140 1127 337 1211 Excipiuntur
350 1126 444 1211 aqut:
468 1147 532 1210 que
548 1147 656 1188 nomen
671 1127 760 1189 traxit
775 1127 812 1189 ab
827 1127 889 1189 illo.

138 1225 180 1289 At
195 1240 280 1310 pater
293 1224 406 1302 infelix,
421 1246 477 1286 nec
488 1223 551 1308 jam
565 1238 659 1307 pater,
675 1223 798 1301 ‘lcare,'
814 1224 901 1302 dixit,

137 1322 258 1400 ‘Icare,'
276 1323 359 1400 dixit,
376 1323 443 1384 ‘ubi
459 1324 512 1384 es?
536 1321 595 1406 quai
609 1336 639 1384 te
654 1321 774 1403 regione
789 1323 957 1406 requiram?

137 1421 239 1498 lcare,'
257 1421 391 1484 dicebat:
415 1441 526 1504 pennas
543 1419 680 1504 adspexit
694 1421 724 1482 in
739 1421 835 1497 undis,

136 1520 327 1603 Devovitque
342 1540 409 1581 suas
424 1531 517 1594 artes3
540 1538 705 1602 corpusque
720 1517 857 1605 sepulcro

123 1618 290 1695 Condidit,
305 1629 335 1679 et
349 1617 436 1679 tellus
451 1638 469 1678 a
483 1615 602 1678 nomine
618 1615 696 1678 dicta
709 1617 830 1699 sepulti.

103 1699 110 1711 ⁹
179 1714 270 1777 Hunc
285 1714 382 1777 miseri
398 1714 511 1776 tumulo
526 1727 686 1797 ponentem
701 1736 825 1799 corpora
839 1714 900 1778 nati

137 1814 262 1877 Garrula
276 1813 391 1876 ramosi
406 1812 559 1896 prospexit
573 1812 611 1874 ab
625 1812 691 1875 ilice
707 1814 824 1896 perdix,

137 1912 178 1975 Et
193 1912 300 1996 plausit
315 1912 428 1995 pennis,
444 1923 609 1994 testataque
623 1912 731 1993 gaudia
743 1925 831 1974 cantu
847 1925 910 1991 est3

139 2010 234 2074 Unica
248 2023 319 2073 tunc
335 2007 470 2086 volueris,
485 2029 542 2071 nec
557 2008 618 2070 visa
634 2009 776 2092 prioribus
790 2010 884 2088 annis,

137 2108 290 2194 Factaque
305 2129 400 2192 nuper
414 2105 487 2185 avis,
502 2105 622 2189 longum
637 2107 700 2185 tibi,
716 2107 851 2185 Dedale,
866 2107 979 2183 crimen

136 2206 275 2292 Namque
290 2207 359 2269 huic
373 2205 541 2283 tradiderat,
556 2202 681 2268 latorum
697 2205 807 2287 ignara,
822 2205 987 2271 docendam

122 2305 313 2388 Progeniem
328 2324 467 2387 germana
480 2324 575 2379 suam,
590 2301 734 2364 natalibus
749 2303 822 2365 actis

135 2402 189 2466 Bis
204 2425 329 2487 puerum
343 2401 431 2478 senis,
447 2400 535 2463 animi
550 2400 587 2462 ad
602 2412 750 2484 praecepta
768 2392 897 2485 capacis.

135 2501 189 2565 llle
205 2501 294 2564 etiam
309 2499 408 2563 medio
421 2498 520 2582 spinas
534 2497 565 2560 in
580 2498 662 2582 pisce
676 2510 790 2561 notatas

135 2599 240 2662 Traxit
256 2599 285 2660 in
300 2599 490 2680 exemplum:
514 2595 649 2681 ferroque
664 2596 764 2659 incidit
779 2609 867 2660 actito

136 2697 302 2781 Perpetuos
317 2696 438 2771 dentes3
460 2708 491 2756 et
505 2715 590 2756 serrae
605 2694 714 2776 reperit
728 2717 826 2757 usum.

135 2794 252 2874 Primus
269 2806 298 2854 et
314 2813 353 2854 ex
368 2813 427 2854 uno
442 2790 501 2852 duo
515 2789 741 2855 ferreabrachia
755 2792 834 2856 nodo

27 2904 31 2909 ‘
137 2891 259 2967 Vinxit;
281 2903 324 2965 ut,
336 2889 439 2974 aquali
450 2888 546 2972 spatio
556 2888 729 2957 distantibus
744 2889 809 2968 illis,

137 2990 239 3055 Altera
254 3010 320 3072 pars
334 3001 441 3063 staret3
462 3009 529 3071 pars
544 2988 635 3056 altera
650 2987 772 3051 duceret
786 2989 899 3055 orbern.

178 3086 318 3148 Daedalns
333 3085 460 3161 invidit,
476 3084 617 3168 sacrique
633 3106 673 3147 ex
688 3107 754 3148 arce
769 3085 914 3150 Minerva

137 3185 322 3268 Pracipitem
336 3182 434 3259 mittit,
449 3182 565 3266 lapsum
579 3184 728 3246 mentitus·
772 3185 817 3249 At
831 3185 924 3264 illum,

137 3281 213 3356 Quae
229 3282 307 3345 favet
323 3280 456 3362 ingeniis
472 3280 593 3362 excepit
611 3280 727 3346 Pallas:
751 3303 896 3368 avemque

137 3379 289 3454 Reddidit,
305 3393 334 3442 et
349 3377 447 3441 nre'dio
464 3378 572 3457 velavit
586 3378 616 3440 in
631 3382 699 3442 a‘e're
715 3401 830 3464 pennis.

96 3523 106 3544 2
137 3478 197 3539 Sed
212 3478 293 3558 vigor
307 3475 416 3558 ingenii
430 3475 580 3559 quondam
595 3476 704 3540 velocis
720 3478 749 3539 in
764 3478 835 3556 alas,

138 3573 229 3656 lnque
246 3563 338 3656 pedes
353 3573 439 3636 abiit:
462 3594 582 3650 nornen,
598 3574 676 3657 quod
691 3588 722 3637 et
737 3574 817 3655 ante,
831 3577 982 3649 remansit.
