2536 4252
432 435 442 451 Ι
546 373 656 422 menn
674 373 723 422 ιιι.
1073 368 1113 430 41

145 521 255 587 Praeter
268 544 369 608 aquas.
413 521 518 586 Unum
532 523 590 586 hoc
606 544 726 606 possum
742 523 892 606 appellare
907 537 1073 608 patemum.
1110 557 1114 564 ·

51 656 53 658 ·
143 620 221 684 Mox
236 644 303 704 ego,
317 643 356 684 ne
370 621 499 704 scopulis
514 622 655 695 haererem
669 642 787 704 semper
801 620 832 682 in
846 621 952 699 isdem,
1057 623 1117 687 176

103 720 105 722 ’
144 718 284 782 Addidici
297 719 440 801 regimen,
455 717 562 781 dextra
574 718 757 794 moderante,
772 717 876 780 carinae

143 814 299 879 Flectere:
323 829 353 878 et
368 815 483 878 Oleniae
497 815 577 879 sidus
591 814 720 899 pluviale
734 814 865 898 capellae,

143 912 371 996 Taygetenque,
387 911 570 997 Hyadesque
585 912 677 975 oculis
691 912 865 996 Arctonque
879 911 988 990 notavi,

145 1008 370 1093 Ventorumque
385 1009 499 1087 domos,
511 1022 541 1072 et
555 1024 657 1094 portus
668 1008 817 1094 puppibus
828 1022 924 1093 aptos.
1056 1011 1118 1072 180

186 1106 278 1170 Forte
294 1122 399 1191 petens
415 1106 526 1185 Delon,
542 1106 607 1170 Diae
623 1107 733 1171 telluris
748 1106 786 1170 ad
800 1128 865 1170 oras

144 1203 299 1287 Applicor,
314 1204 345 1266 et
358 1203 469 1266 dextris
484 1205 615 1267 adducor
628 1205 724 1267 littora
738 1205 844 1268 remis:

144 1300 254 1385 Doque
269 1303 351 1365 leves
366 1302 473 1364 saltus:
497 1302 620 1384 udaeque
636 1302 742 1364 innitor
756 1323 862 1364 arenae.

145 1398 216 1461 Nox
233 1398 282 1460 ubi
295 1411 471 1480 consumpta
486 1411 548 1474 est3
570 1398 687 1460 Aurora
701 1398 854 1461 rubescere
870 1397 996 1482 primlun

146 1494 308 1579 Coeperat:
332 1516 471 1576 exsurgo,
487 1495 648 1581 laticesque
664 1494 768 1558 inferre
783 1510 917 1560 recentes
1058 1499 1119 1562 185

71 1666 73 1671 Ι
146 1592 305 1656 Admoneo
314 1615 323 1669 3
344 1607 534 1676 monstroque
549 1594 717 1677 viam„quae
733 1595 821 1657 ducat
836 1594 871 1656 ad
888 1594 992 1678 uqdas.

146 1688 226 1773 Ipse,
242 1690 311 1773 quid
327 1711 397 1752 aura
411 1690 483 1753 mihi
498 1691 611 1754 tumulo
626 1691 776 1774 promittat
790 1691 827 1753 ab
842 1691 912 1770 alto,
1020 1762 1023 1770 ¹

66 1826 69 1829 -
145 1784 315 1870 Prospicio:
337 1788 520 1872 comitesque
536 1809 620 1867 voco,
635 1801 796 1872 repetoque
810 1790 971 1881 carinam·

145 1890 165 1921 “
174 1883 327 1948 Adsumus
342 1884 412 1964 en,’'
428 1886 531 1970 inquit,
546 1886 691 1949 sociorum
704 1886 816 1970 primus
831 1885 997 1972 Opheltes:
1064 1896 1065 1900 ’

145 1980 248 2065 thue
263 1996 357 2067 putat,
369 1982 497 2067 praedam
512 1983 629 2047 deserto
643 1997 745 2047 nactus
760 1984 795 2047 in⁴
804 2006 885 2067 agro,
1057 1988 1119 2050 190

146 2078 290 2161 Virginea
304 2100 428 2163 puerum
444 2080 524 2144 ducit
538 2102 592 2164 per
605 2082 701 2145 littora
716 2081 820 2151 sonui.
901 2110 904 2115 ·

188 2176 254 2254 Ille,
269 2198 351 2240 mero
365 2199 528 2263 somnoque
543 2179 649 2262 gravis,
664 2179 788 2241 titubare
803 2177 938 2259 videtur3

147 2273 268 2359 Vixque
283 2275 377 2359 sequi.
422 2275 534 2360 Specto
548 2277 670 2353 cultum,
685 2274 861 2360 faciemque,
876 2276 1074 2371 gradumque:

147 2371 197 2435 Nil
213 2373 262 2449 ibi,
278 2372 368 2456 quod
372 2386 471 2456 posset
485 2373 566 2436 credi
579 2373 713 2450 mortale,
728 2371 877 2435 videbam.
1101 2455 1106 2460 ἱ

147 2469 291 2547 Etsens1‚
306 2483 337 2533 et
352 2469 412 2531 dixi
427 2469 523 2545 sociis,
539 2467 661 2541 “Quod
675 2489 785 2530 numen
800 2469 830 2530 in
844 2468 900 2532 isto
1060 2473 1120 2535 195

148 2565 283 2649 Corpore
298 2566 335 2629 sit
349 2564 468 2627 dubito:
491 2565 543 2627 sed
559 2586 681 2648 corpore
696 2586 806 2628 numen
821 2566 851 2629 in
866 2566 921 2629 isto
935 2580 990 2630 est.

68 2665 74 2671 “
147 2662 292 2746 Quisquis
307 2684 350 2740 es,
365 2684 384 2725 o
399 2662 508 2740 faveas,
523 2662 686 2746 nostrisque
701 2663 847 2727 laboribus
861 2664 949 2728 adsis.
985 2676 994 2693 ⁸

147 2760 204 2824 His
220 2783 338 2846 quoque
353 2760 404 2823 des
420 2760 570 2824 veniam.”
615 2767 634 2797 “
643 2759 704 2824 Pro
719 2761 803 2824 nobis
817 2762 901 2825 mitte
916 2760 1061 2847 precari,’'

147 2858 256 2943 Dictys
271 2861 327 2922 ait:
352 2880 410 2944 quo
424 2880 483 2921 non
498 2858 571 2921 alius
585 2859 783 2929 conscendere
798 2861 926 2923 summas

147 2957 240 3021 Ocior
253 2971 405 3034 antennas,
421 2978 587 3041 prensoque
602 2957 726 3019 rudente
740 2957 842 3020 relabi.
1057 2960 1120 3022 200

148 3054 216 3118 Hoc
231 3055 336 3138 Libys,
351 3055 408 3117 h'oc
423 3053 528 3133 derue,
543 3076 635 3138 prorae
650 3055 752 3132 tutela,
767 3053 949 3143 Melanthus

148 3152 216 3216 Hoc
232 3154 336 3237 probat
351 3153 546 3216 Alcimedon:
570 3167 610 3231 et,
626 3153 675 3237 qui
689 3152 880 3237 requiemque
895 3152 1076 3239 modumque

148 3250 233 3314 Voce
249 3252 336 3313 dabat
350 3251 448 3328 remis,
464 3251 626 3319 anirnorum
641 3251 770 3313 hortator
784 3249 947 3334 Epopeus:

149 3347 216 3411 Hoc
231 3370 334 3410 omnes
350 3349 407 3410 alii.
452 3346 563 3411 Praedae
579 3361 638 3410 tam
652 3369 732 3411 caeca
744 3349 855 3459 cupido
869 3361 924 3411 est.

148 3446 248 3509 “Non
263 3461 363 3509 tamen
377 3447 454 3509 hanc
469 3467 552 3509 sacro
567 3445 666 3508 violari
681 3446 855 3530 pondere'
826 3468 961 3575 pinum„
1058 3448 1120 3511 205

147 3544 334 3631 Perpetiar,’'
349 3544 428 3608 dixi:
453 3551 550 3629 “pars
563 3543 613 3608 hic
627 3544 699 3608 milri
713 3544 843 3608 maxima
852 3543 961 3653 jurisss’

403 3644 502 3707 4*
773 3653 780 3666 ·
