2536 4252
553 420 661 469 urana
678 420 709 468 v.
729 397 732 404 ‘

143 569 328 654 Praemiaque
339 569 466 653 erip‘ns?
490 591 553 653 quae
569 570 593 632 si
608 563 781 651 tibi'magna
796 568 931 632 videntur
940 590 949 647 ;

144 668 195 730 Ex
211 667 265 730 illis
280 667 483 752 scopulis-ubi
498 680 581 728 erant
595 668 693 743 affixa,
708 666 849 750 petisses:

144 764 234 827 Nunc
249 765 322 842 siue,
339 764 388 849 qui
403 765 499 849 petiit,
513 785 568 847 per
583 785 672 848 quem
686 786 745 826 non
760 765 831 827 orba
844 779 990 843 senectus,

144 861 247 940 Ferre,
263 862 342 946 quod
357 875 387 925 et
401 862 511 924 meritis
526 875 557 924 et
571 882 645 924 voce
660 874 704 924 est
719 875 840 944 pactus:
864 882 991 946 eumque

144 959 214 1022 Non
229 961 291 1035 tihi,
307 959 359 1022 sed
374 973 461 1022 certae
477 960 629 1042 praelatum
644 959 774 1041 intellige
788 959 897 1022 morti.'

144 1058 198 1120 llle
213 1058 285 1120 nihil
300 1058 419 1120 contra:
443 1057 495 1119 sed
511 1070 541 1119 et
555 1057 645 1134 hunc,
661 1070 691 1118 et
706 1055 818 1120 Persea
832 1057 914 1120 vultu
945 1087 947 1092 v

81 1150 84 1155 ’
144 1156 270 1218 Alte'mo
285 1169 432 1240 spectans,
447 1168 529 1238 petat
545 1155 624 1217 hunc
638 1155 761 1236 ignorat,
777 1176 815 1216 an
829 1154 921 1217 illum.

55 1302 57 1308 .
145 1253 370 1337 Cunctatusque
385 1252 478 1329 brevi,
492 1266 656 1315 contortam
672 1252 779 1314 viribus
793 1252 917 1328 hastam,

145 1350 282 1424 Quantas
297 1350 451 1435 ira-dabat,
467 1349 663 1433 nequicquam
678 1350 707 1411 in
723 1349 834 1411 Persea
848 1349 935 1412 misit.

145 1447 189 1510 Ut
202 1449 283 1510 stetit
297 1448 347 1510 illa
360 1461 443 1524 toro;
466 1446 561 1509 stratis
575 1459 639 1508 tum
655 1446 782 1530 denique
798 1445 925 1508 Perseus

146 1546 291 1609 Exsiluit:
317 1546 435 1629 teloque
451 1544 534 1607 ferox
550 1545 668 1607 inimica
681 1545 803 1607 remisso
873 1576 877 1580 ·

146 1642 274 1706 Pectora
287 1643 431 1726 rupissct3
454 1643 508 1705 nisi
524 1656 591 1726 post
605 1643 705 1705 altaria
720 1641 852 1705 Phineus

145 1740 236 1805 Isset:
260 1755 290 1803 et
307 1738 490 1828 (indignum)
506 1740 649 1803 scelerato
664 1739 771 1823 proluit
784 1761 846 1827 ara.

145 1838 257 1902 Fronte
272 1852 370 1901 tamen
387 1838 492 1901 Rhoeti
507 1861 566 1901 non
583 1838 661 1902 irrita
673 1838 772 1921 cuspis
791 1837 922 1900 adhesit.

146 1937 210 2011 Qui
225 1952 381 2021 postquam
396 1936 514 2013 cecidit,
529 1935 696 2021 senumque
712 1957 751 1998 err
765 1956 831 1998 osse
845 1934 994 1998 revulsum
1012 1948 1068 2013 est,

67 2067 70 2072 ·
146 2034 287 2118 Palpitat,
303 2050 333 2098 et
342 2035 457 2118 'positas
472 2034 619 2118 adspergit
633 2034 774 2116 sanguine
789 2034 916 2096 mensas.
1080 2034 1122 2096 40

188 2132 270 2195 Tum
286 2133 357 2196 vero
372 2133 528 2195 indomitas
543 2132 668 2195 ardescit
682 2131 787 2214 vulgus
803 2131 832 2193 in
846 2131 914 2210 iras,
946 2155 948 2159 ·

67 2253 76 2270 ·
146 2230 282 2316 Telaque
297 2231 475 2317 conjiciunt:
498 2242 529 2293 et
544 2243 622 2308 suut,
638 2229 687 2314 qui
703 2228 831 2313 Cephea
845 2228 944 2293 dicant

147 2327 228 2393 Cum
242 2350 352 2412 genero
367 2329 476 2401 dehere
491 2328 575 2391 mori.
621 2328 682 2391 Sed
696 2327 796 2390 limine
811 2327 882 2390 tecti

148 2426 271 2491 Exierat
286 2427 450 2512 Cepheus3
472 2440 594 2489 testatus
605 2425 724 2509 jusque,
738 2425 897 2508 fidemque,

90 2524 336 2609 .Hospitiique
352 2525 435 2601 deoS,
451 2545 497 2600 ea,
512 2545 544 2585 se
560 2522 743 2606 prohibente,
759 2521 882 2584 moveri.
982 2553 984 2559 ·
1081 2522 1124 2585 45

182 2622 307 2697 ,Bellica
322 2623 422 2685 Pallas
437 2623 530 2698 adest,
546 2635 576 2684 et
591 2619 718 2704 protegit
733 2619 824 2703 agide
839 2618 974 2683 fratrem:
1062 2679 1069 2690 ,

148 2720 270 2804 Datque
286 2721 410 2784 animos.
456 2719 529 2783 Erat
544 2719 635 2782 ludus
649 2716 750 2796 Athis,
765 2739 865 2802 quem,
880 2717 1002 2780 flumine
1017 2715 1123 2800 Gange
1193 2724 1199 2735 ’

127 2834 128 2838 ’
149 2818 250 2896 Edita,
266 2818 404 2882 Limnate
420 2819 519 2881 vitreis
534 2817 684 2902 peperisse
699 2818 753 2879 sub
768 2816 856 2878 antris
960 2895 962 2898 Ι

149 2915 300 2994 Creditur,
316 2918 450 2998 egregius
465 2915 576 2978 formai:
601 2936 689 2999 quam
704 2915 794 2976 divite
809 2914 890 2977 cultu
938 2972 942 2979 ,
961 2923 963 2927 ’

150 3014 301 3095 Augebat,
315 3014 360 3077 bis
375 3015 472 3077 adhuc
487 3012 600 3076 octonis
615 3013 730 3094 integer
744 3012 844 3088 aunis3
1082 3011 1125 3073 50

149 3111 291 3174 lnductus
305 3110 502 3195 chlamydem*
511 3110 646 3195 Tyriam,
662 3131 750 3194 quam
764 3109 871 3173 limbus
886 3108 986 3173 obibat

151 3209 287 3272 Aureus:
312 3210 454 3272 ornabant
468 3223 570 3272 aurata
582 3207 701 3270 monilia
715 3207 835 3285 collum,

114 3340 117 3348 =
151 3306 193 3370 Et
208 3307 340 3369 madidos
354 3305 475 3389 myrrha
488 3327 612 3368 curvum
626 3304 735 3379 crinale
749 3305 880 3388 capillos.

152 3404 206 3467 llle
222 3405 341 3489 quidem
352 3402 452 3488 jaculo
467 3403 601 3486 quamvis
616 3402 752 3465 distantia
765 3402 854 3464 misso

152 3505 260 3588 Figere
276 3504 380 3566 doctus
394 3515 475 3578 erat3
497 3501 550 3563 sed
565 3501 687 3563 tendere
702 3500 813 3563 doctior
827 3517 921 3560 arcus.
953 3562 960 3577 ‚
1085 3496 1138 3560 55,

152 3602 235 3665 Tum
250 3623 368 3686 quoque
382 3601 463 3666 lenta
477 3621 566 3662 manu
581 3599 753 3662 flectentem
767 3616 876 3660 cornua
890 3594 1018 3658 Perseus
