2536 4252
144 390 205 453 118
294 357 298 362 ’
456 398 801 477 muruuonrnosaon
883 375 885 378 ’

142 545 288 624 Sustinui;
310 559 478 632 sortemque
493 570 591 611 meam
605 549 735 626 vovistis,
751 549 878 612 Achivi:

142 642 183 707 Et
198 659 301 707 vestrae
317 645 435 707 valuere
451 667 565 729 preces.
610 646 643 708 Si
659 647 784 730 quaeritis
800 646 886 731 hujus
983 649 985 654 ’

142 740 306 804 Fortunam
321 764 426 825 pugnae
439 765 446 815 3
468 764 526 804 non
541 765 607 804 sum
621 758 774 827 superatus
790 745 827 806 ab
842 744 902 806 illo.
1073 747 1117 809 90

185 839 268 902 Ecce
283 839 378 902 serunt
392 839 489 903 Tro'e's
504 839 682 925 ferrumque,
699 841 867 924 ignemque,
882 840 1051 925 Jovemque

142 936 178 1000 ln
193 937 314 1000 Danaas
327 938 452 1001 classes:
475 938 524 1000 ubi
539 960 618 1000 nunc
633 937 775 1000 facundus
790 937 937 1020 Ulysses?

113 1023 116 1030 ¹
143 1034 263 1119 Nempe
279 1056 336 1118 ego
350 1036 431 1098 mille
446 1057 514 1099 meo
529 1035 645 1119 protexi
660 1049 781 1118 pectore
796 1057 923 1120 puppes,

143 1122 236 1218 Spem
252 1135 341 1196 vestri
355 1133 476 1196 reditus.
521 1133 602 1196 Date
618 1146 660 1196 tot
675 1155 728 1217 pro
743 1133 866 1196 navibus
881 1155 971 1196 arma.

185 1229 280 1304 Quod
293 1231 319 1293 si
334 1253 404 1294 vera
417 1230 487 1294 licet
500 1231 571 1294 mihi
587 1231 702 1308 dicere3
725 1231 861 1315 quaeritur
874 1231 945 1309 istis,
1038 1286 1052 1306 ‚
1074 1233 1117 1295 95

143 1326 246 1401 Quam
261 1329 344 1407 mihi,
358 1313 452 1414 ma]or
465 1329 576 1392 honos:
609 1328 825 1413 conjunctaque
840 1329 931 1410 gloria
945 1341 1044 1392 nostra
1060 1341 1117 1408 est,
1160 1401 1164 1414 Ι

142 1427 244 1512 Atque
260 1426 342 1512 Ajax
356 1427 453 1504 armis,
468 1449 527 1489 non
543 1426 628 1512 Ajaci
645 1448 725 1489 arma
736 1439 887 1510 petuntur.

186 1522 330 1588 Conferat
344 1525 388 1587 his
403 1524 523 1588 Ithacus
539 1523 687 1602 Rhesum,
703 1524 913 1608 imbellemque
928 1523 1059 1601 Dolona,

142 1620 370 1706 Priamidenque
386 1619 536 1685 Helenum
551 1621 635 1705 rapta
648 1643 718 1684 cum
734 1620 857 1684 Pallade
872 1634 1005 1705 captum.
1130 1617 1133 1623 ’

143 1718 229 1782 Luce
244 1718 315 1781 nihil
330 1731 456 1800 gestum,
471 1718 544 1780 nihil
560 1733 605 1782 est
620 1718 769 1782 Diomede
784 1733 915 1782 remoto:
1056 1722 1117 1781 100
1200 1765 1209 1769 -

143 1816 176 1879 Si
191 1817 283 1879 semel
298 1816 352 1880 ista
367 1816 440 1878 datis
455 1816 564 1879 meritis
579 1830 640 1879 tam
655 1817 760 1879 vilibus
770 1831 873 1895 'arma;

143 1913 293 1978 Dividite:
317 1925 348 1975 et
362 1912 454 1998 major
469 1935 535 1996 pars
550 1913 586 1975 sit
601 1912 756 1975 Diomedis
771 1914 801 1976 in
815 1914 882 1977 ill-is.

164 2000 170 2008 ’
186 2010 260 2085 Qut
275 2025 374 2073 tamen
389 2010 452 2073 lraec
468 2009 591 2084 ltlraco?¹
615 2011 663 2095 qui
678 2012 767 2088 cl'am,
783 2012 833 2096 qui
847 2032 966 2096 semper
979 2010 1096 2074 inermis

143 2107 224 2172 Rem
239 2107 331 2192 gerit:
353 2121 384 2171 et
399 2105 481 2171 surtis
496 2109 644 2171 incautum
660 2109 772 2192 decipit
786 2109 925 2173 hostem?

142 2205 212 2291 Ipse
227 2207 303 2270 nitor
317 2206 420 2289 galee,
435 2207 515 2269 claro
530 2205 665 2268 radiantis
681 2205 718 2268 ab
734 2227 816 2284 auru,
1055 2205 1119 2268 105

142 2303 394 2389 Insidiasprodet,
409 2303 663 2389 manifestabitque
673 2303 830 2367 latentem.

143 2400 205 2464 Sed
219 2422 317 2485 neque
332 2399 490 2464 Dulichius
504 2400 559 2463 sub
573 2399 698 2463 Achillis
712 2399 827 2462 casside
842 2400 948 2463 vertex'

142 2497 281 2562 Pondera
294 2512 376 2562 tanta
391 2497 481 2562 seret:
504 2519 561 2561 nec
576 2519 634 2560 non
649 2517 774 2560 onerosa
792 2497 946 2582 gravisque

141 2589 242 2660 Pelias
256 2618 322 2659 esse
337 2610 434 2680 potest
449 2595 614 2659 imbellibus
629 2595 713 2658 hasta
727 2593 863 2658 lacertis:

142 2692 210 2758 Nec
225 2694 361 2778 clypeus,
377 2694 450 2757 vasti
464 2695 583 2756 celatus
598 2692 726 2775 imagine
742 2692 855 2769 mundi,

143 2792 313 2856 Conveniet
326 2791 444 2867 timida,
459 2804 594 2874 nataque
609 2789 646 2852 ad
661 2788 737 2852 suna
750 2790 881 2852 sinistrae.

142 2889 372 2953 Debilitaturum
388 2887 458 2973 quid
473 2901 503 2950 te
518 2887 606 2972 petis,
621 2887 764 2970 improbe,
780 2888 907 2950 munus?
934 2955 940 2962 ⁵

142 2985 236 3060 Quod
250 2987 302 3050 tibi
316 2987 340 3049 si
355 2986 457 3070 populi
472 2987 624 3049 donaverit
639 3007 718 3049 error
731 2986 851 3063 Achivi,

143 3084 208 3148 Cur
222 3084 363 3168 spolieris,
378 3083 450 3159 erit3
472 3106 542 3160 non,
558 3106 611 3147 cur
625 3085 762 3146 metuaris
777 3083 814 3146 ab
829 3085 926 3148 hoste.

48 3235 50 3237 .
143 3181 183 3245 Et
199 3180 266 3264 suga
285 3179 360 3266 (qui
373 3180 437 3243 solit
451 3194 584 3258 cunctos,
600 3180 791 3257 timidissime,
808 3181 913 3266 vincis)

66 3268 67 3271 ¹
142 3279 244 3343 Tarda
258 3279 355 3342 sutura
370 3278 421 3341 tibi
435 3294 490 3355 est,
506 3278 668 3360 gestamina
682 3291 763 3342 tanta
777 3281 914 3364 trahenti.

144 3379 245 3456 Adde,
261 3378 340 3463 quod
355 3378 409 3441 iste
425 3391 502 3454 tuus,
518 3393 577 3440 tam
593 3377 658 3439 rard
673 3378 775 3461 proelia
792 3399 904 3462 passus,

146 3475 265 3560 lnteger
276 3490 321 3540 est
334 3476 476 3561 clypeus:
499 3489 608 3552 nostro,
624 3475 673 3559 qui
689 3476 747 3538 tela
763 3475 883 3538 serendo
