2536 4252
512 215 531 243 O

150 379 211 441 158
543 384 736 433 HEROIDES.

146 533 216 598 Non
232 555 289 616 ego
303 556 368 596 surn
384 534 467 610 tanti,
484 531 634 619 (quamvis
647 533 796 610 merearis,
812 533 942 621 inique‚)'
1011 523 1012 526 ¹

190 631 234 695 Ut
248 654 363 715 pereas,
379 632 450 714 dum
465 653 513 694 nre
529 652 583 714 per
599 630 671 694 sreta
686 630 774 712 longa
789 630 875 713 sugis.

147 729 281 794 Exerces
296 730 424 814 pretiosa
438 730 516 806 odia,
531 743 562 790 et
576 729 739 791 constantia
754 750 880 812 magn03

189 829 233 904 Si,
248 829 318 890 dum
334 849 383 890 me
397 849 508 912 careas,
524 841 568 889 est
584 827 636 890 tibi
651 827 708 889 vile
723 827 808 888 mori.

144 925 213 988 Jatn
232 925 311 988 venti
325 940 436 1008 ponent
445 947 454 1003 3
476 925 624 1009 stratique
640 924 790 1009 aequaiiter
803 922 895 1004 undis,

188 1024 331 1088 Caeruleis
345 1024 449 1087 Triton
466 1045 520 1108 per
533 1045 614 1086 mare
628 1037 725 1085 curret
740 1024 834 1108 equis.

145 1122 194 1184 Tu
212 1145 329 1207 quoque
343 1145 413 1185 curn
430 1123 523 1185 ventis
539 1122 651 1184 utinam
666 1121 813 1184 mutabilis
829 1120 926 1184 esses!

189 1221 240 1297 Et,
256 1222 310 1285 nisi
325 1221 431 1284 duritiei
445 1210 550 1283 robora
566 1219 666 1296 vinciS,
684 1219 752 1281 eris.

145 1317 250 1392 Quid?
273 1320 296 1382 si
311 1320 460 1396 nescieris,
475 1318 576 1381 insana
592 1317 660 1401 quid
677 1339 793 1402 aequora
808 1317 942 1401 possint?

188 1415 329 1499 Expertae
345 1419 431 1480 toties
446 1416 535 1501 quim
550 1415 627 1478 malt
643 1416 738 1478 credis
753 1417 858 1500 aquei

148 1509 188 1573 Ut
203 1513 308 1594 pelago
323 1513 465 1575 suadente
481 1513 568 1574 etiarn
584 1511 745 1574 retinacula
758 1511 866 1590 solvas,

187 1609 284 1672 Multa
300 1627 397 1673 tamen
413 1611 487 1673 latus
503 1610 594 1672 tristia
610 1624 716 1693 pontus
732 1609 833 1672 habet.

143 1704 211 1769 Nec¹
228 1707 352 1770 violisse
366 1709 455 1772 fidem
471 1709 650 1772 tentantibus
665 1730 782 1792 aequora
796 1707 927 1792 prodest.

187 1805 321 1868 Perfidiae
337 1828 440 1889 poenas
456 1807 548 1889 exigit
563 1807 612 1870 ille
627 1806 721 1869 locus.

144 1902 297 1986 Praecipue
312 1905 382 1966 crirn
396 1904 481 1966 laesus
497 1905 608 1967 Amor:
633 1904 701 1988 quia
714 1917 810 1967 mater
825 1903 945 1966 Amoris

187 1999 277 2063 Nuda
293 1999 479 2084 Cytheriacis
495 2001 574 2064 edita
588 2001 679 2064 fertur
693 2003 786 2086 aquis.

132 2097 264 2161 rPerdita
279 2120 316 2161 ne
332 2100 454 2183 perdam
470 2100 570 2178 timeo,
586 2122 751 2164 noceamve
766 2100 886 2164 nocenti
895 2121 903 2178 ;

185 2196 255 2260 Neu
270 2198 349 2260 bibat
364 2220 512 2282 aequoreas
527 2198 684 2282 naufragus
698 2200 790 2262 hostis
805 2220 907 2284 aquas.

144 2293 233 2373 Vive,
249 2319 368 2380 precor:
392 2297 434 2359 sic
449 2311 479 2359 te
494 2297 610 2376 melitis,
627 2298 716 2382 quim
731 2297 844 2376 sunere,
859 2297 992 2383 perdam.
1069 2363 1071 2367 ,

184 2393 233 2456 Tu
250 2396 346 2479 potiirs
361 2395 410 2458 leti
426 2416 515 2458 causa
530 2395 623 2458 ferare
636 2392 715 2481 ineis

142 2490 249 2574 Finge,
262 2515 327 2575 age,
343 2507 373 2556 te
388 2494 490 2577 rapido
507 2493 635 2581 (nullum
650 2492 686 2556 sit
701 2493 730 2556 in
746 2493 845 2557 omine
860 2490 991 2580 pondus)

184 2590 316 2654 Turbine
332 2592 491 2675 deprendi:
515 2593 586 2677 quid
600 2592 652 2655 tibi
667 2591 773 2655 mentis
788 2591 863 2655 erit?

142 2687 280 2752 Protinus
295 2704 449 2753 occurrent
464 2689 542 2753 saisae
557 2689 685 2775 perjuria
699 2691 815 2773 lingue,

186 2786 227 2851 Et
241 2787 374 2871 Phrygii
389 2787 471 2850 Dido
486 2788 588 2850 fraude
603 2802 707 2850 coacta
721 2788 805 2850 mori.

142 2884 287 2968 Conjugis
302 2900 370 2948 ante
385 2886 487 2949 oculos
502 2886 635 2971 deceptae
649 2887 737 2956 stabit
752 2886 849 2971 imago

184 2982 300 3059 Tristis,
317 2997 347 3044 et
362 2984 461 3047 effusis
476 2985 698 3068 sanguinolenta
712 2985 814 3049 comis.

142 3078 314 3164 ‘Quicquid
329 3080 358 3142 id
374 3095 429 3157 est,
444 3095 540 3143 toturn
554 3084 659 3158 merui,
674 3081 850 3159 concedite,'
866 3081 963 3145 dicas:

185 3177 322 3262 Quaeque
338 3178 457 3255 cadent,
472 3179 501 3240 in
516 3192 546 3241 te
563 3177 683 3242 fulmina
699 3180 787 3243 missa
802 3194 900 3265 putes

142 3275 192 3344 Da
208 3277 297 3338 breve
312 3276 428 3339 saevitiae
443 3277 572 3359 spatium
587 3277 743 3362 pelagique
754 3292 893 3363 tuaeque:

126 3448 131 3456 Ι
185 3372 306 3435 Grande
321 3394 410 3435 morae
426 3372 553 3457 pretium
567 3388 631 3437 tuta
646 3374 743 3437 sutura
757 3376 804 3437 via
820 3388 874 3437 est.

143 3467 209 3533 Nec
224 3471 296 3533 mihi
311 3485 463 3554 parcatur3
485 3493 578 3555 puero
592 3487 729 3555 parcatur
743 3471 819 3534 Iiilo.

183 3566 233 3632 Te
248 3568 317 3632 satis
332 3584 377 3634 est
391 3569 508 3633 titulum
522 3570 622 3633 mortis
636 3570 745 3633 habere
759 3590 860 3647 meae„
