2536 4252
203 392 264 455 100
507 401 854 454 uerrucaruosnon

200 551 251 616 Nil
265 545 387 636 prosunt
402 565 495 615 artes:
519 565 581 615 erat
591 551 809 624 immedicabile
825 551 941 614 vulnus.

200 648 242 715 Ut
257 651 279 713 si
296 652 360 734 quis
376 650 476 728 violas,
491 651 611 731 riguove
626 661 757 733 papaver
770 650 800 711 in
819 651 914 727 horto,

199 747 334 831 Liliaque
349 747 493 830 infringat,
509 746 595 809 sulvis
611 747 749 809 haerentia
764 747 871 828 virgis3
1109 753 1171 812 100

198 843 332 907 Marciua
346 845 499 907 demittant
510 844 605 906 subitb
619 857 708 929 caput
723 844 771 906 illa
786 858 956 924 gravatum3

199 939 268 1005 Nec
281 964 313 1004 se
328 943 506 1020 sustine-ant,
528 947 722 1025 spectentque
737 941 890 1004 cacumine
912 957 1038 1004 terram:

199 1037 249 1101 Sic
264 1039 361 1102 vultus
376 1040 501 1102 moriens
512 1039 611 1125 jacet3
634 1053 664 1101 et
678 1038 795 1101 delecta
806 1037 906 1120 vigore

200 1135 268 1221 lpsa
281 1137 334 1200 sibi
349 1151 394 1200 est
408 1137 488 1200 oneri
502 1137 622 1214 cervix3
644 1137 826 1219 humeroque
845 1135 998 1197 recumbit.

199 1233 350 1312 ‘Laberis
365 1233 517 1312 OEbalide,
532 1234 628 1318 prirnb
642 1232 772 1296 fraudate
783 1232 928 1317 juventh,’
1109 1237 1175 1298 105-

198 1329 332 1394 Phoebus
346 1332 402 1395 ait:
426 1331 591 1416 ‘videoque
605 1345 699 1407 tuum,
714 1351 782 1393 mea
794 1330 926 1407 crimina,
942 1329 1058 1393 vulnus.

197 1426 248 1490 Tu
264 1429 402 1506 dolores,
417 1427 586 1512 facinusque
602 1450 713 1490 meum.
757 1425 830 1489 Mea
845 1427 967 1491 dextera
981 1426 1041 1490 leto

199 1523 386 1588 lnscribenda
401 1540 452 1588 tuo
467 1539 521 1588 est.
567 1525 635 1608 Ego
648 1547 714 1587 sum
728 1524 780 1586 tibi
796 1523 903 1586 funeris
915 1539 1029 1587 auctor.

199 1619 277 1694 Quae
292 1643 358 1684 mea
372 1622 461 1706 culpa
475 1625 595 1686 tamen?
639 1622 692 1698 nisi
706 1622 732 1685 si
746 1622 859 1698 lusisse,
874 1622 972 1684 vocari

199 1716 299 1802 Culpa
314 1733 428 1803 potest:
450 1721 505 1784 nisi
519 1721 608 1805 culpa
623 1705 730 1805 potest,
746 1732 776 1782 et
790 1719 915 1796 amisse,
930 1719 1038 1783 vocari.
1109 1722 1171 1784 110

199 1815 300 1899 Atque
315 1819 425 1881 utinam
441 1841 494 1902 pro
509 1834 538 1881 te
555 1821 654 1895 vitam,
668 1832 806 1881 tecumve
821 1817 923 1880 liceret

199 1910 358 1978 Reddere!
381 1916 434 1979 sed
449 1917 587 2000 quoniam
602 1915 680 1979 fatali
694 1916 762 1998 lege
777 1929 922 1991 tenemur,
1012 1954 1015 1958 .

198 2008 325 2095 Semper
339 2013 394 2075 eris
409 2035 537 2090 mecum,
552 2013 733 2096 memorique
748 2012 869 2075 haerebis
884 2012 913 2074 in
927 2032 989 2074 ore.
1070 2036 1080 2052 ··
1106 2096 1109 2103 ἱ

91 2131 94 2137 ·
197 2105 246 2170 Te
261 2107 335 2192 lyra,
351 2112 434 2195 pulsa
449 2133 549 2188 manu,
564 2125 594 2174 te
608 2111 737 2174 carmina
752 2124 849 2173 nostra
864 2109 1026 2172 sonabunt:

198 2201 328 2290 Flosque
343 2230 437 2271 novus
451 2209 560 2293 scripto
574 2209 698 2291 gemitus
714 2208 864 2271 imitabere
878 2220 1003 2270 nostros.
1108 2208 1169 2270 115

197 2301 377 2387 Tempus‘et
393 2307 463 2369 illud
478 2307 541 2383 erit,
557 2329 616 2391 quo
630 2327 663 2368 se
677 2304 847 2368 fortissimus
862 2305 948 2368 heros

197 2398 298 2464 Addat
314 2403 341 2465 in
358 2404 436 2466 hunc
451 2404 573 2480 llorem3
595 2403 722 2487 lolioque
737 2403 850 2485 legatur
866 2400 996 2465 eodem?

239 2499 324 2563 Talia
340 2501 410 2564 dum
427 2523 497 2564 vero
511 2515 709 2565 memorantur
724 2500 869 2584 Apollinis
884 2521 946 2578 ore,

198 2595 278 2659 Ecce
293 2621 388 2676 cruor,
404 2600 453 2683 qui
469 2598 549 2662 susus
564 2600 645 2664 humi
659 2600 824 2682 signaverat
838 2599 970 2676 herbam,
992 2671 994 2675 7

197 2692 314 2756 Desinit
330 2717 393 2757 esse
409 2717 509 2758 cruor:
533 2695 685 2780 Tyrioque
701 2696 837 2759 nitentior
850 2709 929 2758 ostro
1107 2695 1169 2757 lm

197 2788 269 2853 Flos
284 2793 372 2854 oritur
381 2814 389 2869 ;
412 2791 594 2876 formamque
608 2792 697 2875 capit,
713 2814 801 2876 quam
815 2793 891 2855 lilia:
913 2791 1010 2854 sinon

197 2885 367 2969 Purpureus
380 2891 462 2953 color
475 2890 555 2967 huic,
569 2904 724 2972 argenteus
740 2903 817 2953 esset
832 2889 860 2952 in
876 2889 940 2952 illis.

198 2981 265 3046 Non
281 2985 350 3046 satis
366 2987 422 3048 hoc
437 2987 556 3050 Phoebo
571 3001 626 3064 est,
643 2987 682 3072 (is
698 2988 775 3050 enirn
792 2987 846 3051 suit
862 3001 963 3049 auctor
976 2982 1109 3071 honoris)

198 3080 265 3164 lpse
280 3103 347 3143 suos
362 3084 488 3164 gemitus
502 3083 576 3146 soliis
596 3083 741 3160 inscribit;
763 3100 794 3147 et
809 3083 884 3161 ‘AI,
900 3084 954 3146 Al'

199 3177 268 3242 Flos
285 3179 373 3241 habet
388 3179 575 3264 inscriptum:
599 3180 771 3266 funestaque
787 3183 869 3245 litera
884 3182 972 3244 ducta
986 3195 1042 3243 est.
1107 3182 1170 3244 125

198 3275 263 3340 Nec
279 3274 413 3359 genuisse
429 3279 520 3360 pudet
536 3279 661 3363 Sparten
677 3278 887 3364 Hyacinthon:
911 3266 1062 3363 honorque

200 3373 293 3438 Durat
308 3376 336 3437 in
352 3376 408 3439 hoo
424 3377 488 3452 aevi,
504 3378 737 3462 celebrandaque
752 3401 832 3441 more
848 3378 977 3461 priorum

201 3472 306 3535 Annua
321 3474 441 3557 prelata
454 3474 578 3537 redeunt
593 3474 774 3559 Hyacinthia
792 3475 912 3558 pompis.
