2536 4252
510 435 617 484 cinna
640 436 724 506 mv.¹

173 581 332 647 Proximus
347 584 494 647 Ausonias
509 585 607 669 injusti
621 585 705 648 miles
720 584 823 649 Amuli

86 758 91 766 ἱ
133 677 225 743 llexit
239 702 329 764 opes:
354 680 550 766 Numitorque
565 703 659 747 senex
674 684 779 747 amissa
793 696 937 768 nepotum

131 777 257 840 Munere
273 801 362 861 regna
376 781 472 863 capit:
497 780 637 864 festisque
653 781 796 845 Palilibus
809 782 890 844 urbis
1044 781 1106 845 125

131 874 246 938 Moenia
260 877 436 939 conduntur.
455 917 460 927 ·
480 877 646 962 Tatiusque
660 877 934 964 patresqueSabini

49 991 64 1006 ·
131 973 217 1036 Bella
231 989 354 1056 gerunt:
376 975 509 1059 arcisque
525 975 574 1039 viti
586 975 719 1060 Tarpeia
733 976 851 1040 reclusi

131 1071 231 1154 Digni
246 1073 373 1137 animam
389 1075 480 1157 poeni
492 1076 640 1158 congestis
655 1077 738 1139 exuit
752 1076 851 1140 armis.

131 1168 203 1232 lude
219 1171 272 1232 sati
288 1170 428 1249 Curibus,
444 1172 600 1253 tacitorum
614 1195 696 1237 more
710 1174 858 1258 luporum,

130 1267 192 1330 Ore
208 1283 346 1352 premunt
361 1291 461 1348 voces,
476 1284 507 1333 et
520 1293 645 1355 corpora
658 1272 737 1334 victa
749 1292 856 1354 sopore
1030 1298 1032 1302 ’
1046 1274 1107 1334 130

22 1375 25 1380 '
131 1364 287 1444 Invadunt,
304 1381 460 1451 portasque
475 1383 599 1451 petunt;
622 1390 693 1453 quas
707 1368 803 1452 objice
818 1367 904 1431 finni

131 1463 287 1527 Clauserat
303 1464 420 1528 lliades.
464 1465 563 1530 Unam
580 1480 677 1529 tamen
692 1466 756 1550 ipsa
771 1465 906 1545 recludit,

130 1560 196 1624 Nee
210 1563 365 1646 strepitum
381 1585 465 1626 verso
480 1564 616 1627 Saturnia
630 1565 749 1627 cardine
765 1563 845 1628 lecit.

130 1659 200 1722 Sola
217 1659 321 1722 Venus
336 1676 427 1744 porta
441 1661 584 1725 cecidisse
601 1662 741 1746 repagula
755 1661 864 1725 sensit:

130 1757 172 1820 Et
186 1758 319 1821 clausura
333 1758 404 1823 suit:
428 1759 482 1823 nisi
497 1760 577 1845 quod
593 1759 760 1823 rescindere
774 1780 926 1844 nunquam
1045 1762 1106 1825 135

130 1855 188 1918 Dis
203 1857 271 1918 licet
286 1871 352 1920 acta
366 1857 467 1920 decim.
511 1858 590 1921 Jano
603 1858 670 1921 loca
678 1856 783 1943 juncta
797 1855 939 1923 tenebant

60 1954 64 1960 '
131 1950 244 2016 Naides
258 1954 409 2033 Ausonia,
424 1956 522 2038 gelido
537 1956 664 2021 rorantia
678 1955 776 2019 sonte:

131 2048 194 2112 Has
209 2066 291 2134 rogat
305 2053 458 2116 auxilium.
502 2053 532 2116 N
535 2075 570 2117 eo
586 2054 730 2138 nymphae
741 2053 821 2138 justa
836 2066 989 2137 petentem

130 2148 301 2213 Sustinuere
317 2151 421 2214 deam:
445 2173 594 2235 venasque
608 2166 639 2215 et
654 2151 776 2216 flumina
790 2150 877 2234 sontis

131 2245 268 2310 Elicuire
284 2249 349 2311 sui..
387 2247 528 2311 Nondum
544 2263 644 2313 tamen
658 2248 736 2311 invia
749 2247 819 2313 Jant
1045 2250 1107 2313 140

130 2344 192 2407 Ora
208 2346 333 2428 patentis
348 2360 442 2423 erant,
456 2368 554 2431 neque
571 2346 626 2410 iter
640 2347 831 2430 praecluserat
843 2346 935 2410 unda.

130 2442 241 2505 Luridn
256 2459 428 2526 supponunt
443 2443 583 2507 heundo
597 2443 707 2506 sulfura
723 2443 807 2521 sonti,

130 2539 356 2624 lucenduntque
371 2561 460 2602 cavas
474 2540 605 2603 fumante
621 2541 763 2603 bitumine
779 2561 877 2604 venas.

132 2636 250 2700 Viribus
265 2638 310 2700 his
325 2639 447 2722 aliisque
465 2661 556 2722 vapor
570 2638 736 2723 penetravit
751 2638 788 2701 ad
803 2638 862 2701 ima

131 2734 254 2798 Fontis:
278 2749 308 2798 et
322 2736 435 2820 Alpino
449 2736 539 2799 modis
554 2759 619 2821 quae
634 2751 748 2800 certare
762 2736 849 2819 rigori
1046 2739 1108 2802 145

132 2833 296 2896 Audebatis
311 2855 405 2918 aquae,
420 2856 480 2897 non
493 2834 598 2897 ceditis
612 2835 728 2917 ignibus
743 2835 824 2920 ipsis.
934 2901 937 2911 ,

131 2930 324 2994 Flammiferit
337 2933 446 3014 gemini
461 2931 575 2995 sumant
590 2934 765 3016 adspergine
781 2947 900 3017 postest

131 3027 291 3114 Pomaque,
306 3030 503 3115 nequicquam
518 3031 617 3114 rigidis
632 3032 773 3115 permissa
787 3031 914 3111 Sabinis,

131 3125 228 3189 Fonte
243 3126 296 3190 suit
312 3142 482 3211 praestructa
496 3150 592 3206 novo3
614 3129 685 3191 dum
701 3127 827 3193 Martius
842 3151 923 3193 arma
1175 3213 1177 3217 ,

79 3215 85 3233 ¹
132 3223 270 3287 Indueret
284 3226 378 3288 miles·
423 3224 505 3299 Quae
521 3242 676 3310 postquam
693 3226 840 3290 Romulus
854 3229 932 3292 ultro
1047 3229 1108 3290 150

130 3320 265 3399 Obtulit3
288 3337 318 3385 et
332 3336 421 3384 strata
435 3337 480 3384 est
495 3324 582 3385 tellus
597 3323 736 3386 Romana
750 3324 866 3388 Sabinis

131 3419 323 3504 Corporibus,
338 3434 426 3483 strata
440 3435 544 3504 estque
559 3421 636 3497 suis3
659 3423 818 3506 generique
833 3441 969 3485 eruorem

77 3517 280 3601 Sanguine
295 3541 364 3582 cum
379 3518 472 3581 soceri
487 3519 658 3603 permiscuit
672 3520 778 3604 impius
793 3520 887 3583 ensis:

135 3614 214 3679 Pace
228 3630 327 3680 tamen
342 3615 403 3679 sisti
416 3616 540 3695 bellurn,
553 3637 611 3680 neo
626 3617 656 3680 iu
670 3617 773 3681 ultima
786 3615 864 3680 terro
