2536 4252
555 406 664 458 LIBER
688 406 734 458 VI.

449 693 452 701 ·
536 678 672 742 muna
684 677 742 741 vr.
817 726 825 741 .
917 698 923 708 ·
974 630 978 644 ’

308 878 312 885 ’
392 907 491 950 uroaa
514 909 549 950 nt
573 909 719 952 srnruau
741 909 883 952 murari.

580 1093 609 1135 v.
624 1074 696 1135 148.

149 1240 231 1304 Ante
245 1263 314 1304 suos
329 1241 427 1305 Niobe
443 1241 587 1305 thalamos
601 1257 780 1325 cognoverat
794 1243 885 1324 illam,

148 1337 230 1401 Tum
245 1342 314 1402 clun
328 1338 488 1404 Maeoniam
503 1340 585 1422 virgo
600 1339 796 1424 Sipylumque
810 1340 937 1403 colebat.

149 1434 216 1500 Nec
231 1451 330 1499 tamen
346 1437 495 1500 admonita
509 1451 554 1500 est
569 1437 660 1521 poena
675 1438 824 1520 popularis
840 1437 996 1502 Arachnes

149 1532 268 1596 Cedere
282 1534 439 1612 caelitibus,
455 1536 609 1618 verbisque
624 1535 783 1598 minoribus
798 1536 851 1598 uti.
900 1578 903 1583 -

147 1630 247 1695 Multa
260 1633 369 1695 dabant
383 1633 505 1695 animos.
551 1632 611 1696 Sed
626 1634 705 1696 enim
720 1656 776 1696 nec
789 1633 921 1719 conjugis
935 1647 1023 1713 artes,
1101 1638 1123 1701 5

147 1728 215 1791 Neo
229 1751 322 1811 genus
333 1731 500 1807 amborum,
516 1732 672 1815 magnique
688 1733 927 1815 potentia-regni,

147 1827 197 1890 Sic
212 1828 352 1911 placuere
367 1829 417 1906 illi,
430 1829 562 1913 quamvis
573 1845 730 1893 eacuncta
741 1830 909 1914 placebant,

147 1922 191 1988 Ut
205 1947 258 1988 sua
272 1927 444 2010 progenies:
468 1942 498 1989 et
512 1926 678 1990 felicissima
696 1941 822 1991 matrum

147 2023 237 2087 Dicta
252 2023 326 2087 soret
340 2023 450 2103 Niobe,
464 2026 489 2088 si
504 2047 562 2088 non
577 2026 630 2087 sibi
639 2026 708 2088 'visa
723 2025 834 2088 suisset.

146 2121 226 2184 Nam
240 2136 303 2185 sata
317 2121 445 2201 Tiresia,
460 2125 575 2187 venturi
590 2125 723 2207 praescia,
739 2123 845 2186 Manto

145 2220 207 2282 Per
221 2221 333 2289 medias
349 2220 454 2298 suerat,
469 2221 569 2284 divino
583 2222 699 2284 concita
713 2234 807 2298 motu,

146 2315 316 2382 Vaticinata
330 2319 408 2382 vias:
432 2319 625 2397 ‘Ismenides,
640 2320 680 2382 ite
696 2318 875 2403 frequentes,

130 2413 186 2479 Et
201 2415 269 2479 date
285 2415 419 2493 Latonae,
434 2416 685 2500 Latonigenisque
700 2416 824 2493 duobus,

144 2512 224 2576 Cum
241 2535 330 2597 prece
343 2513 431 2576 thura
445 2512 511 2596 pia:
534 2513 676 2597 laumque
691 2513 829 2576 innectite
843 2513 966 2576 crinem.

143 2611 206 2674 Ore
220 2632 289 2673 meo
303 2611 420 2676 Latona
430 2610 537 2696 jubet)
582 2611 723 2674 Pauetur:
745 2623 776 2674 et
790 2631 908 2673 omnes·
1080 2614 1126 2693 lb

57 2750 61 2762 ·
143 2709 315 2772 Thebaides
326 2709 414 2795 jussis
427 2730 481 2772 sua
495 2722 629 2793 tempora
643 2709 792 2772 frondibus
806 2720 926 2773 ornant:

142 2806 305 2892 Thuraque
321 2808 390 2871 dant
404 2809 511 2871 sanctis
526 2821 558 2870 et
573 2808 663 2871 verba
676 2809 838 2892 precantia,
853 2807 990 2872 flammis.

185 2904 269 2968 Ecce
285 2906 365 2968 venit
379 2906 521 2968 comitum
536 2904 635 2968 Niobe
649 2905 839 2968 celebenima
854 2905 951 2984 turbis,

148 3001 285 3065 Vestibus
300 3003 413 3066 intexto
429 3002 567 3087 Phrygiis
581 3003 748 3087 spectabilis
763 3024 851 3066 aum:

145 3099 194 3176 Et,
210 3114 352 3184 quantum
367 3101 408 3163 ira
421 3101 498 3178 sinit,
514 3099 656 3163 sonnosa:
679 3122 861 3186 movensque
875 3101 985 3165 decoro
1075 3104 1119 3167 20

143 3196 223 3260 Cum
238 3197 336 3281 capite
351 3197 494 3260 immissos
509 3198 665 3261 humerum
681 3220 734 3282 per
747 3213 905 3284 utrumque
919 3200 1040 3283 capillos

129 3293 302 3357 Constitit:
326 3308 417 3378 utque
432 3295 533 3356 oculos
547 3296 725 3359 circumtulit
739 3296 799 3359 alta
812 3297 973 3380 superbos3

143 3391 240 3466 ‘Quis
256 3391 334 3455 suror
348 3392 482 3470 auditos,'
497 3393 601 3478 inquit,
617 3401 805 3478 ‘praeponere
823 3394 889 3457 visis

142 3490 313 3554 Coelestes?
336 3503 387 3552 aut
400 3513 453 3553 cur
466 3491 572 3570 colitur
585 3491 701 3555 latona
717 3514 771 3577 per
780 3513 866 3569 .aras;

143 3585 264 3653 Nmneu
278 3588 375 3651 adhuc
389 3588 451 3651 sinc
466 3588 552 3652 thure
564 3610 664 3653 meum
674 3592 741 3654 cst?
763 3579 840 3652 Mihi
849 3587 993 3653 Tantalus
1003 3599 1112 3669 amtor,
