2536 4252
507 454 511 459 -
557 402 664 476 niara
680 428 712 477 v.

148 569 209 634 Cui
224 570 343 656 triplicis
358 574 445 637 cessit
460 573 576 637 sortuna
589 567 747 639 novissima
761 580 852 661 regni.

147 668 198 731 Tu
212 692 344 754 superos,
361 673 517 756 ipsumque
532 672 651 758 Jovem,
665 690 697 736 tu
713 677 832 739 numina
849 678 932 761 ponti

148 766 238 831 Victa
253 769 366 846 domas,
380 771 547 854 ipsumque,
563 772 635 853 regit
651 773 701 856 qui
715 775 836 836 numina
851 776 943 858 ponti.

146 866 270 930 Tartara
286 868 356 952 quid
369 871 507 931 cessant?
529 891 582 932 cur
596 892 654 932 non
670 871 828 956 matrisque
843 886 986 958 tuumque

147 965 307 1051 Imperium
323 968 455 1051 profers?
477 971 572 1052 agitur
586 992 652 1055 pars
667 971 751 1034 tertia
766 973 878 1035 mundi.
1058 979 1121 1040 210
1150 995 1152 999 ’
1205 1027 1209 1034 .

46 1072 51 1079 ’
148 1064 188 1128 Et
203 1080 302 1128 tamen
318 1067 450 1151 iupcoelo,
466 1090 529 1151 quae
541 1067 603 1153 jam
618 1069 759 1152 patientia
773 1085 871 1133 nostra
885 1085 952 1149 est,

146 1162 335 1246 Spernimur:
359 1187 394 1228 ac
409 1187 528 1227 mecum
543 1166 620 1228 vires
635 1167 805 1230 minuuntur
819 1169 949 1232 Amoris.

146 1260 269 1324 Pallada
284 1284 381 1325 nonne
398 1263 490 1339 videS,
501 1263 763 1348 jaculatricemque
779 1264 919 1344 Dianam,

146 1359 334 1422 Abscessisse
350 1361 442 1422 mihi?
465 1361 584 1423 Cereris
600 1383 717 1444 quoque
733 1362 791 1423 filia
806 1363 898 1444 virgo,

146 1457 176 1539 Si
193 1459 348 1540 patiemur,
364 1459 434 1521 erit:
458 1481 526 1539 narn
542 1481 610 1541 spes
625 1459 744 1521 affectat
758 1461 888 1523 easdem.
1057 1465 1119 1526 215

143 1555 188 1616 At
203 1570 244 1632 tu,
262 1578 314 1638 pro
329 1556 410 1618 socio
424 1557 447 1618 si
464 1569 581 1639 quaest
596 1579 662 1618 mea
678 1558 770 1638 gratia
784 1579 885 1639 regno,

144 1650 242 1734 lunge
258 1655 344 1716 deam
360 1655 486 1737 patruo'
531 1653 618 1716 Dixit
635 1653 763 1717 Venus(
794 1655 848 1717 llle
867 1657 1035 1740 pharetram

145 1749 257 1812 Solvit:
281 1766 310 1813 et
327 1752 443 1814 arbitrio
458 1753 557 1814 matris
573 1752 610 1814 de
625 1753 705 1814 mille
719 1753 832 1834 sagittis

70 1864 72 1877 ¹
144 1846 245 1910 Unam
259 1841 399 1932 sep'osuit,
413 1851 466 1912 sed
481 1849 541 1935 qui
554 1871 610 1912 nec
625 1850 737 1912 acutior
751 1851 820 1928 ulla,

144 1944 212 2008 Nec
226 1947 321 2009 minus
336 1948 446 2010 incerta
460 1961 515 2024 est,
529 1969 585 2011 nec
601 1970 664 2031 quae
680 1947 772 2031 magis
788 1947 887 2012 audiat
901 1970 1012 2024 arcum.
1055 1951 1121 2014 220

144 2042 350 2128 Oppositoque
365 2067 443 2128 genu
458 2047 591 2108 curvavit
606 2046 707 2108 flexile
722 2067 831 2108 cornu:

144 2139 240 2226 Inque
253 2165 304 2206 cor
318 2143 439 2205 hamata
454 2143 596 2231 percussit
612 2143 753 2206 arundine
768 2142 882 2205 Ditem.

108 2296 115 2310 ,
187 2239 277 2302 Haud
293 2241 395 2324 procul
412 2239 552 2304 Hennaeis
566 2236 647 2302 lacus
663 2253 707 2303 cst
722 2262 739 2303 a
754 2241 900 2304 moenibus
915 2241 991 2319 altae,
1025 2277 1027 2281 .

144 2337 273 2417 Nomine
289 2339 414 2422 PerguS,
429 2362 522 2424 aquae.
567 2337 637 2401 Non
653 2339 702 2401 illo
719 2338 801 2422 plura
816 2337 959 2423 Caystros

144 2434 286 2500 Carmina
300 2436 643 2520 cygnorumlabentibus
658 2436 739 2498 audit
754 2436 784 2498 in
799 2437 913 2498 undis..
938 2450 943 2456 ’
1054 2438 1117 2502 225

144 2535 225 2597 Silva
239 2548 359 2597 coronat
374 2555 474 2617 aquas,
489 2521 610 2614 cingens
625 2533 700 2595 latus
714 2554 802 2594 omne
816 2554 824 2609 ;
846 2533 963 2619 suisque

144 2631 321 2709 FrondibuS,
336 2645 369 2694 ut
384 2631 463 2708 velo,
479 2630 630 2694 Phoebeos
644 2630 800 2692 submovet
815 2631 900 2694 ictus.

143 2729 267 2814 Frigora
281 2731 351 2792 daut
366 2729 449 2807 rami,
465 2727 573 2813 Tyrios
589 2729 696 2791 humus
711 2728 832 2791 humida
848 2716 946 2792 flores.

110 2831 115 2837 ’
143 2828 327 2912 Perpetuam
343 2850 396 2892 ver
410 2841 464 2890 est.
510 2826 583 2901 Quo
598 2826 668 2889 dum
684 2826 863 2910 Proserpina
876 2827 948 2897 luco

144 2926 245 3004 Ludit,
262 2941 292 2989 et
307 2941 357 2990 aut
373 2927 473 3002 violas,
489 2939 539 2987 aut
553 2925 679 2988 candida
693 2925 751 2987 lilia
765 2925 859 3008 carpit
868 2946 876 3001 3
1054 2928 1118 2990 230

144 3024 286 3108 Dumque
302 3024 424 3108 puellari
439 3023 536 3086 studio
550 3024 742 3106 calathosque
757 3022 913 3105 sinumque

143 3120 263 3205 Implet,
279 3136 308 3184 et
324 3122 449 3206 aequales
464 3135 558 3184 certat
572 3143 711 3204 superare
726 3120 871 3204 legend03

144 3220 228 3282 Perre
244 3220 329 3282 simul
345 3220 407 3282 visa
422 3233 478 3295 est,
493 3221 669 3303 dilectaque,
684 3235 826 3303 raptaque
842 3217 924 3280 Diti:

143 3317 247 3401 Usque
265 3317 340 3379 aded
356 3324 528 3400 properatur
543 3339 634 3379 amor.
653 3329 661 3346 ·
679 3317 749 3379 Dea
764 3316 864 3379 territa
877 3329 985 3378 moesto

143 3415 185 3477 Et
199 3430 333 3490 matrem,
349 3428 379 3476 et
393 3415 526 3491 comites,
542 3414 594 3477 sed
610 3429 733 3477 matrem
748 3416 864 3499 sapius,
875 3435 926 3475 ore
1055 3414 1118 3478 235

143 3512 281 3593 Clamat:
305 3528 345 3591 et,
361 3526 393 3575 ut
409 3513 526 3576 summai
540 3527 654 3575 vestem
669 3511 792 3576 lanidrat
806 3512 842 3574 ab
857 3511 919 3587 ord,

143 3609 272 3675 Collecti
286 3611 374 3676 flores
388 3611 494 3675 tunicis
508 3610 797 3677 cecidereremissis.

398 3708 445 3771 6*
