2536 4252
162 408 224 471 tro
332 430 346 485 ς
474 396 824 467 ararnuonraosaou

160 568 335 651 Littoruque
351 568 467 630 intravit
482 567 624 650 Pegasaezi
640 567 757 631 Colcha
770 566 880 629 carini.

160 667 272 730 AEacus
288 667 356 729 lruic
373 680 456 750 pater
471 683 532 728 est:
557 666 605 750 qui
617 666 685 751 jura
699 665 850 728 silentibus
865 665 924 728 illic

160 764 285 842 Reddit,
301 764 350 826 ubi
366 764 505 827 AEoliden
521 786 627 827 saxum
641 785 730 846 grave
746 763 896 846 Sisyphon
913 778 1009 848 urget.

160 863 276 926 AEaeon
292 864 423 945 agnoseit
437 885 580 940 summuS,
596 863 769 946 prolemque
785 861 892 924 fatetur

159 959 279 1045 Jupiter
292 981 357 1023 esse
372 982 466 1023 suam.
512 961 562 1024 Sic
578 962 614 1023 ab
629 960 707 1023 Jove
724 959 825 1022 tertius
841 959 933 1044 Ajax.

160 1057 227 1120 Nec
243 1072 342 1120 tamen
359 1059 421 1120 lroec
436 1059 525 1120 series
541 1059 569 1120 in
584 1059 675 1121 eausd
690 1057 791 1142 prosit,
807 1057 939 1136 Aclrivi3

160 1155 192 1219 si
208 1157 279 1219 milri
294 1178 363 1219 cum
378 1178 485 1240 magno
500 1178 558 1217 non
575 1171 619 1219 est
633 1155 798 1218 eommunis
813 1156 946 1220 Achille.

160 1254 266 1317 Frater
281 1268 361 1332 erat;
385 1253 511 1317 fraterna
526 1269 607 1337 peto.
652 1252 735 1327 Quid
756 1254 898 1336 sanguine
913 1269 1011 1317 cretus

160 1353 311 1438 Sisyphio,
328 1352 479 1438 sortisque,
495 1366 525 1414 et
541 1350 819 1414 sraude'simillimus
835 1352 886 1430 illi,

159 1451 265 1515 Inserit
281 1453 412 1515 AEacidis
428 1453 528 1515 alienae
544 1452 663 1514 nomina
679 1451 795 1534 gentis?

141 1614 154 1621 ,
203 1552 252 1613 An
271 1551 350 1635 qubd
366 1552 393 1613 in
410 1572 491 1612 arma
506 1551 593 1634 prior,
609 1550 749 1634 nulloque
765 1549 819 1611 sub
834 1548 931 1612 indice
947 1571 1026 1628 vem,

161 1649 255 1710 Amra
270 1648 405 1730 neganda
419 1649 512 1711 milri?
536 1649 689 1732 potiorque
705 1647 852 1710 videbitur
866 1647 927 1726 ille,

160 1741 274 1809 Ultima
290 1747 339 1830 qui
353 1747 443 1831 cepit,
458 1747 691 1830 detrectavitque
707 1745 803 1808 surore

160 1842 299 1907 Militiam
314 1844 399 1906 ficto:
424 1844 520 1906 donec
535 1844 668 1906 solertior
688 1844 755 1921 istu,

161 1941 223 2004 Sed
237 1942 291 2004 sibi
307 1941 445 2020 inutilior,
461 1942 554 2004 timidi
569 1955 738 2004 commenta
753 1941 863 2004 retexit

161 2026 349 2123 Naupliades¹
360 2039 459 2117 animi,
476 2039 624 2124 vllataque
640 2039 729 2102 traxit
744 2038 773 2101 in
788 2041 892 2102 annal

161 2136 285 2221 Optima
299 2160 378 2201 nunc
393 2154 500 2215 sumat,
516 2139 565 2223 qui
581 2158 697 2200 sumere
712 2137 806 2199 noluit
822 2137 901 2201 ulla:

161 2235 226 2298 Nos
242 2236 417 2314 inhonorati,
433 2251 463 2299 et
479 2237 562 2300 donis
579 2236 759 2319 patruelibus
774 2236 847 2313 orbi,

161 2333 332 2403 Obtulimus
347 2335 396 2419 qui
411 2356 465 2397 nos
480 2334 517 2396 ad
532 2333 626 2417 prima
641 2333 781 2416 pericula,
795 2335 896 2397 simus.

161 2431 264 2517 Atque
279 2433 391 2496 utinam
406 2445 457 2497 aut
473 2452 559 2495 verus
574 2430 653 2493 furor
667 2430 726 2507 ille,
742 2444 793 2493 aut
806 2431 946 2508 creditus,
962 2443 1040 2494 esset
1049 2452 1059 2510 3

161 2529 229 2594 Nec
243 2553 345 2596 comes
360 2532 408 2594 bic
423 2530 569 2615 Phrygias
584 2551 714 2614 unquam
731 2528 857 2592 venisset
877 2529 914 2592 ad
930 2551 1013 2593 arces

161 2628 303 2692 Hortator
317 2630 480 2692 scelerum!
519 2627 589 2690 Non
605 2642 645 2704 te,
662 2627 801 2690 Poeantia
816 2629 924 2712 proles,

162 2727 343 2811 Expositum
357 2725 490 2788 Lemnos
504 2739 604 2787 nostro
618 2747 687 2787 eum
702 2725 824 2786 crimine
840 2726 971 2789 haberet.

163 2823 227 2898 Qui
241 2846 320 2886 nunc
337 2823 383 2909 (ut
399 2821 579 2910 memorant)
597 2822 777 2885 silvestribus
793 2823 909 2886 abditus
923 2824 1012 2888 antris

163 2922 244 2985 Saxa
259 2943 361 2984 moves
376 2923 499 3004 gemitu,
514 2921 740 3006 La'e'rtiadaeque
756 2921 894 3005 precariS,

163 3018 241 3093 Quae
257 3019 379 3081 meruit:
403 3042 467 3103 qua>
485 3020 523 3105 (si
538 3020 568 3082 di
584 3019 666 3105 sunt)
684 3043 742 3082 non
759 3042 837 3082 vana
852 3019 989 3104 preceris.

163 3116 205 3179 Et
219 3138 297 3178 nunc
313 3117 361 3178 ille
378 3117 483 3178 eadem
498 3118 580 3179 nobis
592 3117 705 3202 juratus
721 3118 749 3179 in
765 3140 856 3195 arma,

165 3215 251 3303 (Heu
263 3215 286 3301 l)
311 3237 377 3299 pars
393 3236 452 3276 una
467 3215 587 3294 ducum,
604 3238 662 3300 quo
677 3238 847 3278 successore
862 3210 981 3298 sagittae'

163 3313 300 3378 Herculis
316 3328 446 3390 utuntur,
462 3313 569 3379 stactus
586 3315 746 3400 morboque
762 3315 910 3399 fameque,

164 3412 347 3497 Velaturque
363 3413 506 3497 aliturque
523 3414 642 3492 avibus3
666 3414 859 3498 volucresque
883 3412 1013 3496 petendo

164 3510 275 3574 Debita
289 3510 426 3597 Trojanis
441 3526 563 3575 exercet
577 3513 691 3596 spicula
705 3510 780 3572 setis.

164 3607 218 3672 llle
233 3622 335 3672 tamen
350 3609 435 3690 vivit,
450 3611 519 3698 quia
533 3631 592 3674 uon
606 3607 758 3673 comitavit
772 3606 927 3692 Ulyssem.

1097 671 1141 732 25

1090 1161 1141 1244 „ao

1098 1649 1142 1712 35

1098 2138 1142 2202 40

1102 2630 1142 2693 45

1100 3119 1143 3181 50

1100 3608 1142 3674 55
