2536 4252
160 394 207 455 020
454 400 801 453 nurnuourrrosnou

142 552 316 620 Dummodo
330 553 410 638 qubd
426 552 526 615 [latres
541 551 689 614 Telamon
704 550 875 634 Peleusque
890 548 1018 628 suerunt,

142 653 244 738 Aj'acis
259 653 396 715 meritum
411 673 470 713 non
485 650 540 713 sit:
565 672 621 712 nec
637 650 785 730 sanguinis
800 649 881 726 ordo,

142 751 204 813 Sed
219 751 332 813 virtutis
347 751 441 812 honos
456 749 556 831 spoliis
573 762 717 832 quaeratur
732 748 761 809 in
777 747 848 809 istis.

142 848 206 911 Aut
219 848 243 910 si
260 848 432 930 proximitas
447 847 617 930 primusque
632 845 787 928 requiritur
801 844 912 921 haeres3

142 944 197 1009 Est
213 945 328 1028 genitor
342 936 463 1021 Peleus,
479 958 524 1006 est
539 943 673 1025 Pyrrhus
687 942 762 1004 fflius
778 942 828 1005 illi.
1018 932 1021 935 i
1058 943 1120 1004 155

142 1042 221 1117 Quis
235 1044 318 1106 locus
334 1042 442 1128 Ajaci?
465 1041 606 1103 Phthiam
622 1040 777 1123 Scyronve
793 1039 932 1102 serantur.

142 1139 209 1204 Nec
225 1140 321 1204 minhs
336 1155 382 1204 est
396 1140 451 1202 isto
466 1138 587 1201 Teucer
601 1139 739 1221 patruelis
754 1137 877 1200 Achilli.

141 1237 170 1303 N
175 1261 224 1301 um
241 1239 314 1323 petit
329 1239 377 1302 ille
393 1239 514 1301 tamen?
536 1259 608 1299 num
623 1250 732 1320 sperat,
748 1251 780 1299 ut
795 1235 908 1299 auferat
921 1237 1022 1298 arma?

184 1335 267 1420 Ergo
281 1357 407 1421 operum
423 1335 562 1420 quoniam
577 1335 688 1397 nudum
704 1349 854 1397 certamen
871 1334 1012 1412 habetur3

141 1434 233 1497 Plura
247 1424 366 1520 quidem
382 1431 449 1510 scci,
465 1434 554 1517 quam
569 1455 633 1517 quae
648 1433 862 1515 comprendere
878 1432 962 1496 dictis
1058 1433 1120 1496 160

142 1532 176 1595 ln
192 1547 330 1616 promptu
346 1531 417 1593 mihi
432 1531 485 1593 sit:
508 1551 605 1592 rerum
620 1543 720 1592 tamen
736 1530 838 1593 ordine
854 1530 954 1592 ducar.

142 1628 270 1692 Praescia
286 1628 400 1691 venturi
415 1628 541 1710 genitrix
557 1625 668 1689 Ner'e'ia
683 1629 734 1690 leti
772 1612 776 1623 ’

142 1725 316 1790 Dissimulet
330 1726 412 1789 cultu
426 1739 539 1788 natum.
586 1724 758 1808 Deceperat
773 1747 887 1803 omnesr,

142 1821 178 1885 ln
193 1823 298 1908 quibus
313 1823 451 1908 Ajacem,
466 1838 590 1905 sumptae
603 1822 718 1886 fallacia
733 1823 832 1885 vestis.
1044 1888 1047 1893 ,

144 1921 237 1983 Arma
253 1941 308 2003 ego
324 1920 480 1997 soemineis,
496 1921 625 1982 animum
640 1935 756 1984 motura
771 1919 894 1997 virilem,
1057 1921 1121 1984 165

142 2016 294 2104 Mercibus
309 2017 426 2080 inserui.
471 2015 585 2102 Neque·
596 2019 693 2081 adhuc
709 2017 872 2103 projecerat
888 2017 974 2080 heros
1062 2071 1065 2076 .

144 2114 301 2200 Virgineos
315 2115 442 2194 babitus,
457 2117 527 2179 clim
539 2138 671 2200 parmam
687 2117 860 2200 hastamque
875 2116 999 2194 tenenti,

143 2212 252 2277 “Nate
268 2212 356 2291 det,”
374 2213 445 2292 dixi,
462 2215 542 2278 “tibi
557 2236 589 2276 se
606 2215 733 2298 peritura
748 2229 899 2278 reservant

142 2311 300 2395 Pergama.
347 2310 431 2385 Quid
447 2312 562 2374 dubitas
578 2313 726 2393 ingentem
742 2328 876 2375 evertere
891 2311 1057 2398 Trojam?”

143 2409 296 2496 lnjecique
312 2431 444 2487 manum,
462 2408 627 2493 sortemque
643 2409 680 2470 ad
696 2409 779 2472 sortia
794 2411 870 2473 misi.
1059 2413 1121 2474 170

144 2506 225 2590 Ergo
240 2529 331 2592 opera
346 2508 422 2570 illius
436 2529 504 2569 mea
518 2521 596 2591 sunt.
643 2507 710 2589 Ego
724 2506 883 2591 Telephon
899 2508 985 2571 hastb

144 2604 332 2686 Pugnantem
350 2604 468 2667 domm:
492 2606 603 2667 victum
618 2619 811 2689 orantemque
827 2604 927 2668 refeci.

187 2701 281 2774 Qubd
296 2700 411 2763 Theba
425 2701 573 2777 cecidere,
589 2723 688 2763 meum
706 2717 768 2778 est;
799 2723 847 2764 me
863 2702 973 2766 credite
988 2701 1120 2781 Lesbon,

143 2797 197 2862 Me
213 2797 372 2875 Tenedon,
388 2795 598 2880 Chrysenque,
614 2811 645 2860 et
660 2797 781 2882 Cyllan,
800 2800 948 2884 Apollinis·
959 2801 1056 2876 urbes,
1122 2840 1125 2847 ·

144 2895 186 2959 Et
201 2896 299 2980 Syron
314 2896 446 2979 cepisse:
470 2895 539 2958 merl
553 2917 696 2977 concussa
711 2911 812 2980 putate
878 2974 881 2979 Ι
1060 2900 1121 2962 175

144 2994 341 3057 Procubuisse
356 2994 419 3056 solo
433 2993 579 3077 Lyrnesia
594 2995 704 3056 moenia
719 2994 834 3058 dextre.
987 2979 993 2987 ’

144 3089 247 3175 thue
261 3090 331 3152 alias
346 3104 481 3167 taceam;
504 3091 554 3174 qui
568 3112 678 3153 saevum
693 3093 817 3176 perdere
834 3106 935 3176 posset

144 3187 285 3265 Hectora,
299 3209 408 3269 nempe
423 3187 508 3249 dedi:
532 3208 586 3270 per
600 3210 648 3250 me
660 3187 741 3274 jacet
755 3190 883 3272 inclytus
899 3187 1023 3254 Hector.

145 3285 204 3349 lllis
219 3287 281 3349 haec
296 3285 393 3361 armis,
409 3284 514 3368 quibus
530 3297 575 3348 est
590 3285 725 3350 inventus
744 3287 886 3364 Achilles,

146 3385 238 3447 Arma
253 3398 341 3468 peto:
366 3383 435 3444 vivo
450 3383 601 3460 dederam,
617 3401 684 3467 post
699 3384 756 3448 sata
770 3407 896 3469 reposco
1062 3385 1124 3449 180

187 3481 231 3544 Ut
247 3483 330 3544 dolor
343 3479 429 3542 unius
444 3479 566 3544 Danaos
582 3483 716 3563 pervenit
732 3484 768 3544 ad
783 3505 898 3560 omnes,

148 3578 316 3663 Aulidaque
332 3577 501 3645 Euboicam
515 3579 704 3662 complerunt
719 3581 797 3642 mille
812 3581 936 3651 carinam
