2536 4252
66 334 76 349 .
150 373 193 441 56
463 384 814 436 maranoneuosron

149 535 272 601 Arduus
287 535 316 600 in
331 535 426 600 nubes
441 537 521 600 abiit.
565 536 654 600 Utin
670 557 785 620 aequore
799 556 916 620 summo

148 633 264 700 Umbra
278 635 332 698 viri
347 635 410 698 visa
424 649 479 712 est,
495 636 588 698 visam
602 634 664 697 sera
677 635 759 696 saevit
773 634 802 696 in
818 635 952 696 umbram

149 732 252 817 thue
267 732 351 796 Jovis
366 755 490 817 praepeS,
507 755 601 796 vacuo
614 733 684 796 clun
700 732 772 795 vidit
787 732 818 800 in
832 753 902 795 arvo
1064 735 1133 798 350

149 830 336 894 Praebentem
351 831 470 894 Phoebo
484 832 604 894 liventia
619 846 701 913 terga
715 830 885 908 draconem,

68 918 71 923 ⁵
149 928 290 1013 Occupat
306 951 458 993 aversum:
481 952 540 992 neu
557 951 633 992 saeva
648 943 817 1013 retorqueat
831 951 892 1006 ora,

150 1026 351 1111 squamigeris
366 1028 468 1091 avidos
482 1029 544 1111 figit
558 1027 721 1091 cervicibus
737 1049 868 1110 ungues:

150 1124 200 1188 Sic
215 1126 304 1188 celeri
319 1127 420 1189 lissum
435 1148 549 1211 praepes
564 1147 618 1210 per
633 1127 718 1188 inane
734 1124 834 1188 volatu

149 1223 250 1307 Terga
264 1224 330 1288 serae
347 1226 469 1309 pressit:
493 1225 659 1308 dextroque
674 1224 825 1287 frementis
840 1224 870 1287 iu
885 1245 968 1287 armo
1064 1226 1131 1308 355
1232 1310 1235 1315 Ι

148 1321 305 1387 Inachides
320 1324 428 1387 sermm
443 1347 535 1387 curvo
550 1337 635 1386 tenus
651 1323 761 1385 abdidit
776 1323 887 1386 hamo.>

149 1419 283 1486 Vulnere
298 1424 366 1486 laesa
380 1424 473 1506 gravi,
487 1422 578 1486 modd
593 1445 625 1485 se
640 1422 773 1485 sublimis
787 1421 816 1484 in
832 1443 916 1484 auras

148 1520 284 1583 Attollit:
307 1521 398 1583 modi>
413 1520 511 1582 subdit
526 1521 625 1605 aquis:
649 1519 739 1582 modii
755 1541 836 1583 more
852 1518 956 1582 ferocis

71 1664 83 1674 ..
149 1616 257 1680 Versat
272 1619 345 1702 apri,
362 1640 451 1703 quem
466 1620 551 1681 turha
564 1641 672 1681 canum
687 1618 872 1681 circumsona
886 1631 986 1681 terret.

147 1715 203 1778 Ille
219 1717 321 1778 avidos
336 1738 449 1779 morsus
468 1717 617 1781 velocibus
633 1717 735 1798 effugit
751 1716 822 1779 alis:
1062 1718 1129 1782 360

148 1813 281 1898 Quaque
296 1828 409 1899 patent,
423 1837 503 1878 nunc
519 1831 601 1898 terga
615 1816 696 1880 cavis
710 1836 800 1898 super
814 1814 908 1877 obsita
922 1813 1055 1894 conchis,

148 1910 238 1975 Nunc
253 1912 377 1975 laterum
392 1928 499 1991 costas,
513 1937 593 1978 nunc
609 1914 669 1999 qud
682 1913 853 1976 tenuissima
866 1914 963 1976 cauda

147 2008 267 2074 Desinit
282 2012 311 2074 in
327 2011 450 2094 piscem,
466 2012 571 2076 salcato
586 2013 720 2078 vuhrerat
736 2033 817 2074 ense.

147 2107 255 2172 Bellua
270 2111 409 2194 poeniceo
423 2112 524 2174 mistos
539 2135 609 2175 eum
624 2111 765 2194 sanguine
781 2111 888 2174 fluctus

147 2207 209 2270 Ore
225 2209 327 2272 vomit.
373 2209 519 2273 Madudre
534 2232 638 2293 graves
654 2210 829 2294 adspergine
844 2230 960 2294 pennae.
1060 2209 1127 2274 365

147 2302 214 2368 Nec
229 2306 334 2369 bibulis
349 2308 425 2370 ultra
439 2306 567 2370 Perseus
582 2308 720 2371 talaribus
737 2329 825 2369 ausus

146 2402 298 2497 Credere3
319 2407 476 2491 conspexit
491 2407 663 2492 scopulum:
688 2407 737 2490 qui
754 2405 863 2469 vertice
879 2427 996 2470 summo

145 2502 297 2566 Stantibus
312 2505 375 2568 exit
389 2506 490 2590 aquis;
513 2505 644 2591 operitur
658 2507 694 2568 ab
710 2527 826 2590 aequore
841 2519 933 2568 moto.
1041 2530 1044 2535 ·

145 2600 244 2664 Nixus
259 2625 306 2681 eo,
318 2605 457 2688 rupisque
473 2619 577 2667 tenens
588 2605 661 2689 juga
676 2605 770 2688 prima
784 2603 909 2682 sinistri,

144 2700 209 2763 Ter
223 2714 328 2784 quater
342 2703 443 2783 exegit
458 2701 584 2784 repetita
598 2724 652 2784 per
666 2703 715 2764 ilia
729 2702 848 2764 serrum.
1060 2703 1126 2766 370

187 2798 303 2860 Littora
317 2820 386 2860 cum
402 2799 505 2882 plausu
521 2797 633 2861 clamor
646 2821 825 2885 superasque
841 2800 964 2862 deorum

144 2895 313 2980 Implevdre
328 2897 441 2960 domos.
488 2897 639 2976 Gaudent,
655 2920 855 2982 generumque
871 2899 1009 2977 salutant,
1033 2892 1039 2896 ’

144 2994 370 3078 Amuliumque,
386 2995 491 3058 domhs
505 2999 745 3080 servatoremque
762 2994 889 3058 latentur
949 3021 952 3025 ·

143 3092 300 3176 Cassiope,
317 3093 521 3178 Cepheusque
538 3092 632 3177 pater.
678 3094 825 3157 Resoluta
840 3096 951 3158 catenis

143 3190 258 3253 Incedit
274 3192 367 3274 virgo,
383 3192 570 3276 pretiumque
586 3208 616 3256 et
630 3215 721 3256 causa
735 3193 850 3256 laboris.
1060 3193 1124 3257 375
1188 3225 1196 3239 ·

185 3288 243 3352 Dis
258 3290 349 3352 tribus
365 3291 413 3352 ille
429 3289 509 3353 socos
524 3292 648 3354 totidem
664 3292 701 3353 de
716 3293 829 3375 cespite
850 3293 933 3376 ponit
942 3313 950 3369 3

143 3385 267 3450 Laevum
282 3387 443 3465 hlercuriO,
459 3389 597 3452 dextrum
612 3391 674 3467 tibi,
689 3391 796 3453 bellica
808 3392 908 3473 virg0;

142 3486 205 3547 Ara
218 3485 302 3549 lovis
317 3487 416 3550 media
431 3501 486 3550 est.
531 3486 681 3551 Mactatur
695 3509 787 3551 vacca
802 3487 958 3567 Minervae,

144 3583 263 3668 Alipedi
278 3579 405 3654 vitulus:
427 3599 527 3650 taurus
541 3586 604 3665 tibi,
620 3608 735 3650 summe
751 3587 885 3653 deorum.
