2536 4252
545 393 654 443 LIBER
670 391 717 444 IX.

145 544 236 608 Haud
251 545 334 608 aliter
348 545 486 627 graditur,
503 545 591 628 quam
606 544 629 605 si
644 544 791 606 venabula
805 543 885 625 tigris

145 642 279 726 Corpore
295 644 353 705 lixa
368 657 460 726 gerat,
477 641 604 725 factique
620 640 758 724 refugerit
772 634 884 710 auctor.

144 741 229 824 Saepe
246 742 328 803 illum
343 741 468 823 gemitus
485 741 635 817 edentem,
651 760 729 824 sepe
744 738 929 817 frementem,
1079 726 1121 809 70

144 839 230 923 Saepe
245 853 441 903 retentantem
457 853 532 902 totas
548 837 704 921 infringere
721 853 830 915 vestes,
1131 850 1134 855 '

144 937 392 1023 Stementemque
408 939 515 1015 trabes,
530 937 764 1021 irascentemque
782 938 896 1000 videres

143 1034 306 1115 Montibus,
321 1050 373 1099 aut
387 1037 480 1120 patrio
495 1036 668 1098 tendentem
682 1035 803 1098 brachia
816 1035 906 1098 coelo.
946 1060 949 1066 ·

113 1208 117 1215 ¹
188 1137 347 1200 Arboribus
362 1139 454 1216 cesis,
471 1159 543 1221 quas
558 1137 648 1199 ardua
659 1146 794 1218 'gesserat
809 1137 896 1214 OEte,
944 1193 948 1198 ,

144 1233 238 1318 lnque
254 1257 357 1319 pyram
372 1236 499 1312 structis,
515 1257 600 1297 arcus
615 1235 842 1318 pharetramque
857 1256 1011 1318 capacem,
1079 1237 1122 1300 75

144 1331 312 1417 Regnaque
328 1326 438 1395 visuras
453 1334 558 1395 iterum
574 1330 704 1416 Trojana
719 1332 847 1413 sagittae,

144 1429 237 1491 Ferre
248 1429 336 1515 jubes
350 1431 471 1493 Paeante
487 1445 600 1492 satum:
625 1451 684 1513 quo
699 1429 819 1491 flamma
833 1429 966 1493 ministro

145 1528 286 1595 Subdita:
311 1529 440 1612 dumque
456 1528 548 1591 avidis
562 1527 782 1610 comprenditur
796 1527 911 1609 ignibus
926 1549 1015 1612 agger
1024 1550 1033 1606 ;

146 1627 326 1707 Congeriem
341 1627 420 1689 silve
436 1625 465 1689 N
468 1648 579 1688 emeaeo
595 1626 703 1688 vellere
720 1646 867 1688 summam

145 1725 274 1787 Sternis:
298 1715 328 1788 et
344 1725 481 1809 imposita
496 1725 586 1788 clavae
601 1725 718 1787 cervice
734 1723 891 1802 recumbis
908 1780 911 1785 .
1081 1725 1124 1789 80

145 1823 235 1886 Haud
252 1825 309 1886 alio
323 1825 416 1901 vultu,
433 1824 521 1908 quarn
536 1823 560 1886 si
573 1823 700 1886 conviva
711 1821 838 1907 jaceres,

146 1922 225 1984 luter
240 1923 327 2006 plena
342 1923 414 1985 meri
429 1922 581 1985 redimitus
596 1922 704 2006 pocula
718 1921 812 1983 sertis.

186 2020 315 2105 Jamque
332 2022 443 2098 valens,
458 2035 489 2083 et
503 2021 532 2083 in
546 2043 635 2084 omne
650 2021 726 2083 latus
740 2019 848 2082 diffusa
861 2019 994 2096 sonabat,

146 2118 332 2202 Securosque
348 2133 436 2196 artus,
450 2118 883 2202 contemptoremquepetebat

147 2215 283 2280 Flamma
298 2237 394 2277 suum.
438 2214 583 2278 Timudre
598 2216 645 2278 dei
662 2236 716 2298 pro
727 2215 843 2277 vindice
858 2229 952 2276 tenae.
1081 2216 1125 2278 85

147 2313 233 2386 Quos
249 2314 290 2375 ita
307 2311 411 2398 (sensit
427 2313 521 2398 enim)
538 2315 605 2377 leto
620 2313 774 2375 Saturnius
789 2333 840 2374 ore

147 2411 264 2494 Jupiter
279 2412 450 2497 alloquitur:
475 2411 603 2473 ‘Nostra
618 2424 664 2472 est
677 2410 766 2472 timor
780 2411 834 2472 iste
850 2411 996 2492 voluptas,
1033 2399 1039 2405 ’

95 2554 102 2563 .
147 2509 176 2568 0
193 2509 309 2590 superi:
333 2521 454 2591 totoque
469 2507 563 2569 libens
578 2507 650 2569 mibi
665 2519 785 2591 pectore
801 2519 907 2588 grator,

149 2604 243 2679 Qubd
258 2605 396 2667 memoris
411 2605 513 2688 populi
528 2604 609 2668 dicor
622 2591 778 2688 rectorque
795 2617 954 2688 paterque:

149 2703 190 2766 Et
205 2725 272 2766 mea
287 2704 443 2786 progenies
459 2717 555 2767 vestro
570 2724 688 2788 quoque
704 2717 767 2767 tuta
782 2703 882 2767 lavore
897 2716 962 2777 est,
1084 2705 1126 2768 90
1154 2761 1157 2766 ,

148 2801 178 2863 N
181 2824 228 2863 am
244 2823 410 2885 quanquam
426 2802 516 2886 ipsius
532 2802 618 2864 datur
632 2803 690 2864 hoc
704 2802 881 2864 immanibus
896 2802 968 2864 actis
978 2822 999 2880 3,

148 2899 272 2981 Obligor
287 2900 349 2983 ipse
365 2913 475 2962 tamen.
521 2899 582 2963 Sed
597 2900 687 2978 enim,
701 2921 740 2962 ne
756 2914 877 2983 pectora
891 2921 967 2962 vano

148 2997 225 3060 Fida
239 3012 321 3060 metu
337 3012 475 3081 paveant,
491 2998 605 3060 OEtaeas
620 2999 750 3082 spernite
765 2997 919 3076 flammas,

149 3096 259 3163 Omnia
274 3097 322 3180 qui
338 3097 418 3172 vicit,
435 3097 543 3175 vincet,
559 3118 633 3182 quos
647 3096 776 3173 cernitis,
792 3096 886 3179 ignes,
1103 3171 1105 3176 Ι

148 3194 178 3256 N
181 3217 215 3256 ec
230 3195 284 3256 nisi
299 3194 432 3257 materna
447 3193 616 3259 Vulcanum
632 3210 714 3279 parte
730 3209 883 3279 potentem
1084 3195 1126 3258 95

150 3293 274 3355 Sentiet.
320 3293 476 3354 AEtemum
494 3307 549 3370 est,
565 3315 582 3354 a
596 3315 645 3356 me
661 3292 739 3376 quod
755 3293 854 3370 traxit,
870 3307 900 3356 et
915 3313 1035 3376 expers,

150 3391 250 3474 Atque
267 3392 397 3453 immune
412 3391 503 3468 necis,
519 3391 659 3474 nullaque
674 3391 820 3454 domabile
836 3391 966 3454 flammai.

151 3488 242 3572 ldque
258 3512 314 3571 ego
329 3489 501 3553 defunctum
517 3490 594 3553 terri
608 3490 778 3558 celeribus
792 3489 850 3551 oris

153 3589 317 3672 Accipiam,
332 3589 504 3675 cunctisque
519 3611 620 3651 meum
634 3588 759 3651 latabile
774 3586 885 3650 sactum
