2536 4252
546 383 655 434 LIBER
670 383 717 433 lv.

69 576 70 580 ,
145 529 277 595 Arboris.
321 532 421 596 Arbor
433 532 484 611 ibi,
498 532 592 596 niveis
605 532 752 596 uberrima
765 533 871 616 pomis,

143 629 247 693 Ardua
261 652 370 708 morus,
384 644 457 708 erat,
472 631 570 713 gelido
582 631 765 693 contermina
779 630 862 694 fonti.

121 777 124 821 ,
144 725 238 792 Pacta
252 728 388 812 placent:
411 743 442 791 et
456 728 520 806 lux,
532 727 614 790 tarde
629 727 774 791 decedere
790 729 862 807 visa,

144 823 347 908 praecipitatur
360 826 453 910 aquis,
469 838 500 888 et
514 825 597 909 aquis
611 847 671 889 nox
686 827 776 909 surgit
790 827 828 889 ab
842 826 949 890 isdem.

186 922 303 987 Callida
317 945 371 1007 per
384 924 531 1003 tenebras,
545 937 662 987 versato
676 925 806 1002 cardine,
819 924 934 989 Thisbe

144 1019 313 1102 Egreditur,
327 1021 458 1106 fallitque
473 1043 559 1086 suos:
582 1022 782 1107 adopertaque
800 1024 914 1086 vultum

144 1117 286 1181 Pervenit
301 1120 337 1181 ad
353 1120 517 1198 tumulum3
539 1119 679 1204 dictique
690 1120 745 1184 sub
760 1121 863 1184 arbore
878 1121 965 1185 sedit.

144 1215 302 1280 Audacem
316 1215 441 1281 saciebet
456 1240 547 1282 amor.
593 1217 687 1281 Venit
701 1240 772 1282 ecce
786 1219 900 1282 recenti

145 1312 238 1377 Caede
253 1315 350 1378 leaena
362 1316 453 1378 boum
467 1330 637 1399 spumantes
652 1316 743 1379 oblita
755 1317 856 1394 rictus,

146 1410 327 1495 Depositum
340 1411 417 1474 sitim
432 1413 519 1475 vicini
534 1412 620 1476 scintis
635 1413 666 1476 in
678 1412 770 1475 unda.

146 1507 249 1582 Quam
264 1509 367 1593 procul
382 1508 420 1571 ad
433 1509 509 1572 lune
523 1509 618 1573 radios
632 1509 800 1594 Babylonia
814 1509 933 1573 Thisbe

148 1604 248 1668 Vidit:
272 1620 303 1670 et
316 1607 472 1671 obscurum
486 1608 602 1692 trepido
616 1609 695 1692 pede
710 1607 783 1692 sugit
798 1609 828 1672 in
842 1622 970 1673 antrum.

147 1702 289 1789 Dumque
304 1703 387 1786 sugit,
401 1719 485 1788 tergo
499 1706 645 1771 velamina
658 1706 740 1792 lapse
753 1707 901 1791 relinquit.

146 1799 190 1864 Ut
205 1801 252 1865 lea
264 1823 346 1866 saeva
360 1802 437 1867 sitim
452 1803 546 1867 multi
558 1805 741 1889 compescuit
754 1804 845 1882 undis,

146 1897 230 1962 Dum
244 1898 319 1963 redit
333 1900 363 1964 in
377 1900 476 1979 silvas,
490 1901 625 1965 inventos
638 1901 712 1966 fortir
727 1902 789 1966 sine
804 1901 872 1988 ipsi

146 1994 209 2059 Ore
224 2012 376 2062 cruentato
390 1997 495 2063 'tenues
509 2000 628 2064 laniavit
642 2000 777 2064 amictus.

189 2095 289 2159 Seriirs
304 2117 439 2179 egressus
453 2098 575 2180 vestigia
590 2098 661 2162 vidit
676 2099 707 2161 in
720 2098 781 2163 alto
854 2125 859 2135 ·
903 2126 908 2135 ·

148 2191 276 2255 Pulvere
290 2208 370 2257 certa
386 2194 463 2272 serae,
478 2208 599 2280 totoque
613 2196 759 2279 expalluit
769 2217 821 2259 ore
1076 2197 1119 2261 35
1195 2219 1199 2227 ·

148 2289 303 2373 Pyramus.
348 2290 391 2355 Ut
407 2292 478 2355 verb
493 2307 606 2356 vestem
622 2315 740 2378 quoque
753 2293 894 2376 sanguine
908 2292 1031 2356 tinctam
1115 2320 1120 2328 “

147 2386 291 2471 Reperit3
314 2387 401 2451 ‘Una
416 2390 490 2453 duos
503 2391 585 2467 nox,'
601 2390 706 2474 inquit,
720 2391 845 2474 ‘perdet
858 2404 1009 2452 amantes:

148 2483 177 2546 E
193 2486 296 2566 quibus
311 2485 361 2547 illa
374 2484 428 2548 suit
441 2485 530 2567 longai
544 2487 712 2567 dignissima
726 2486 804 2549 vite:

148 2579 256 2643 Nostra
271 2602 381 2643 nocens
395 2581 491 2644 anima
505 2595 560 2645 est.
606 2581 673 2665 Ego
687 2596 728 2660 t'e,
742 2581 916 2661 miseranda,
931 2581 1056 2667 peremi,

148 2677 182 2739 ln
197 2679 262 2740 loca
276 2679 362 2762 plena
377 2675 475 2742 metris
488 2679 537 2764 qui
548 2679 621 2765 jussi
635 2695 722 2743 nocte
737 2681 870 2744 venires:
1075 2682 1119 2746 40

100 2793 102 2797 ’
148 2774 214 2838 Nee
229 2776 307 2860 prior
320 2775 378 2842 lruc
394 2776 472 2840 veui.
516 2776 657 2842 Nostrum
672 2779 801 2842 divellite
815 2800 934 2862 corpus,

147 2872 189 2935 Et
202 2875 344 2938 scelerata
358 2873 420 2937 sero
434 2876 597 2939 comumite
613 2876 725 2940 viscera
738 2897 849 2962 morsu,

146 2969 176 3033 0
192 2973 358 3057 quicunque
372 2974 427 3035 sub
441 2973 498 3036 hbe
513 2974 647 3037 habitaris
661 2995 746 3057 rupe,
760 2973 883 3037 leones!

147 3070 207 3131 Sed
222 3070 315 3133 timidi
330 3070 374 3133 est
387 3086 490 3155 optare
504 3094 621 3136 necem.
666 3072 823 3136 Velamina
836 3071 967 3138 Thisbes

147 3166 249 3245 Tollit,
265 3182 295 3231 et
310 3168 347 3231 ad
363 3183 455 3253 pacta
468 3191 570 3233 secum
585 3169 640 3234 sert
655 3170 763 3234 arboris
778 3170 923 3233 umbram.
1075 3168 1117 3231 45

147 3262 249 3348 thue
266 3266 345 3328 dedit
360 3281 436 3329 note
450 3267 607 3351 lacrymas,
623 3268 704 3332 dedit
718 3269 819 3333 oscula
833 3267 925 3330 vesti:

148 3369 155 3398 ‘
168 3362 284 3446 Accipe
299 3365 399 3441 nunc,'
414 3366 518 3450 inquit,
533 3367 641 3428 ‘nostri
657 3358 774 3451 qnoque
788 3365 936 3448 sanguinis
957 3363 1079 3425 haustus
1089 3359 1112 3427 τ’
1224 3415 1227 3418 .

148 3458 279 3544 Quoque
295 3476 357 3524 erat
371 3463 529 3541 accinctus,
546 3464 672 3528 demittit
687 3466 716 3528 in
731 3465 780 3527 ilia
793 3465 912 3527 serrum.

150 3557 215 3623 Nec
230 3580 333 3664 mora;
355 3559 480 3625 ferventi
493 3563 619 3626 moriens
634 3563 788 3653 esvulnere
805 3560 905 3624 traxit.
