2536 4252
30 376 41 389 '
140 394 184 457 tt
463 393 812 443 nernnournosuon

142 547 192 611 De
207 546 296 609 modo
312 545 412 628 viginti
428 544 487 630 (tot
501 543 580 606 enim
594 543 663 605 ratis
677 542 728 605 illa
741 541 868 628 serebat)

142 645 305 708 Restabant
319 645 408 707 solus.
453 640 611 718 Pavidum,
623 640 814 724 gelidumque
828 639 965 703 trementi

143 742 288 826 Corpore,
304 742 413 824 vixque
428 761 528 801 meum
542 739 637 801 firmat
651 738 734 815 deus,
750 745 769 775 “
780 737 932 815 Excute,’'
948 736 1065 815 dicens,

144 840 273 904 “Corde
289 853 412 915 metum,
428 836 577 920 Diamque
593 834 695 898 tene.''
739 832 867 898 Delatus
880 834 911 897 in
924 833 1017 913 illnn,

150 938 288 1002 locensis
302 937 366 1015 aris,
381 935 534 999 Baccheia
546 955 629 996 sacra
642 932 818 1018 frequento?
855 1021 858 1029 ,
990 941 995 949 '
1054 934 1123 997 275

516 1407 657 1524 timna
685 1457 745 1523 tv.

402 1676 521 1719 mum
543 1677 586 1718 m·
606 1675 743 1718 'rfflsnns
766 1675 861 1718 1088·

581 1859 612 1901 v.
628 1841 681 1901 55.

147 2007 295 2092 Pyramus
309 2022 340 2072 et
354 2007 479 2086 Thisbe,
489 2007 633 2094 juvenum
648 2007 862 2093 pulcherrimus
875 2007 959 2086 alter,

146 2107 262 2184 Altera,
278 2128 349 2192 quas
364 2104 472 2168 Oriens
487 2106 600 2183 habuit,
615 2106 733 2190 prelata
747 2105 864 2189 puellis,

81 2264 84 2269 .
148 2204 311 2287 Contiguus
326 2204 448 2267 tenuere
463 2204 586 2267 domos:
609 2203 778 2266 ubidicitur
793 2203 882 2267 altam

148 2301 313 2366 Coctilibus
326 2302 416 2365 muris
430 2302 557 2365 cinxisse
572 2300 742 2364 Semiramis
756 2301 869 2365 urbem.

149 2399 302 2476 Notitiam,
318 2399 486 2484 primosque
500 2399 607 2481 gradus
622 2399 727 2462 vicinia
743 2397 828 2462 lecit:
1101 2400 1124 2463 ὅ

147 2497 300 2582 Tempore
315 2498 407 2561 erevit
422 2519 520 2560 amor:
543 2497 624 2560 taedae
640 2518 757 2581 quoque
767 2495 834 2581 jure
850 2488 996 2575 coissent;

148 2596 208 2660 Sed
224 2596 345 2659 vetuere
361 2611 469 2680 patres,
485 2596 563 2678 quod
578 2616 636 2657 non
652 2596 775 2677 potuere
791 2607 901 2656 vetare.

191 2692 295 2754 Fissus
310 2705 372 2753 erat
386 2692 468 2753 tenui
482 2691 566 2767 rimri,
582 2714 669 2774 quarn
685 2692 809 2753 duxerat
827 2691 908 2770 olim,

148 2790 230 2853 Cum
244 2790 326 2852 fieret
340 2788 435 2872 paries
449 2787 549 2850 domui
562 2789 725 2851 communis
739 2789 865 2872 utrique.
907 2829 911 2837 -
1007 2830 1012 2840 ·

148 2886 183 2950 Id
199 2887 304 2949 vitium
318 2885 389 2949 nulli
404 2907 458 2970 per
471 2885 582 2949 saecula
596 2886 682 2968 longa
698 2901 841 2964 notatum,
1082 2889 1125 2950 10

151 2985 251 3071 (Quid
266 3007 325 3047 non
340 2985 427 3047 sentit
442 2983 559 3068 amori)
584 2984 669 3068 primi
682 2984 811 3061 sensistis
825 2996 968 3047 amantea.

148 3083 191 3147 Et
206 3083 270 3145 voci
285 3082 392 3145 fecistis
408 3082 472 3144 iter.
516 3081 597 3143 Tum
612 3103 760 3144 murmure
776 3102 867 3166 parvo

148 3179 247 3244 Multa
262 3180 341 3264 prius
357 3179 463 3263 questi,
478 3192 619 3255 statuunt,
635 3193 666 3241 ut
682 3194 768 3241 nocte
782 3176 879 3241 silenti

148 3278 267 3342 Fallere
281 3277 429 3353 eustodeS,
445 3275 612 3359 foribusque
627 3277 775 3338 excedere
791 3290 915 3340 tentent.

149 3375 289 3459 Cirmque
305 3375 394 3436 domo
409 3373 544 3449 exierint,
559 3374 637 3435 urbis
652 3396 769 3458 quoque
784 3374 911 3438 claustra
924 3373 1109 3456 relinquant:

150 3472 237 3536 Neve
252 3474 289 3535 sit
303 3472 459 3535 errandum
474 3469 534 3532 lato
550 3471 741 3552 spatiantibus
756 3494 838 3548 arvo,
1084 3471 1125 3533 16

43 3583 55 3611 t
149 3569 340 3636 Conveniam
353 3569 391 3634 ad
405 3569 491 3633 busta
504 3565 596 3631 Nini:
619 3568 787 3654 lateantque
801 3567 857 3631 sub
871 3564 976 3631 umbri
1007 3632 1024 3665 ς
1058 3556 1071 3590 s
