<?xml version="1.0" encoding="UTF-8"?>
<!DOCTYPE html PUBLIC "-//W3C//DTD XHTML 1.0 Transitional//EN"
    "http://www.w3.org/TR/xhtml1/DTD/xhtml1-transitional.dtd">
<html xmlns="http://www.w3.org/1999/xhtml" xml:lang="en" lang="en">
 <head>
  <title>
</title>
<meta http-equiv="Content-Type" content="text/html;charset=utf-8" />
  <meta name='ocr-system' content='tesseract 3.04.00' />
  <meta name='ocr-capabilities' content='ocr_page ocr_carea ocr_par ocr_line ocrx_word'/>
</head>
<body>
  <div class='ocr_page' id='page_1' title='image "./excerptaexscrip02ovidgoog_0114.png"; bbox 0 0 2536 4252; ppageno 0'>
   <div class='ocr_carea' id='block_1_1' title="bbox 551 378 708 430">
    <p class='ocr_par' dir='ltr' id='par_1_1' title="bbox 551 378 708 430">
     <span class='ocr_line' id='line_1_1' title="bbox 551 378 708 430; baseline 0.013 -2"><span class='ocrx_word' id='word_1_1' title='bbox 551 378 660 429; x_wconf 81' lang='lat' dir='ltr'><strong>LIBER</strong></span> <span class='ocrx_word' id='word_1_2' title='bbox 675 380 708 430; x_wconf 86' lang='lat' dir='ltr'>X.</span> 
     </span>
    </p>
   </div>
   <div class='ocr_carea' id='block_1_2' title="bbox 146 523 1137 1099">
    <p class='ocr_par' dir='ltr' id='par_1_2' title="bbox 146 523 1137 1099">
     <span class='ocr_line' id='line_1_2' title="bbox 147 523 911 612; baseline 0.009 -25"><span class='ocrx_word' id='word_1_3' title='bbox 147 523 301 604; x_wconf 90' lang='lat' dir='ltr'>Orantem,</span> <span class='ocrx_word' id='word_1_4' title='bbox 317 525 480 612; x_wconf 75' lang='lat' dir='ltr'>frustraque</span> <span class='ocrx_word' id='word_1_5' title='bbox 495 541 600 591; x_wconf 78' lang='lat' dir='ltr'>iterum</span> <span class='ocrx_word' id='word_1_6' title='bbox 615 530 735 592; x_wconf 87' lang='lat' dir='ltr'>transire</span> <span class='ocrx_word' id='word_1_7' title='bbox 749 530 911 609; x_wconf 86' lang='lat' dir='ltr'>volentem,</span> 
     </span>
     <span class='ocr_line' id='line_1_3' title="bbox 147 621 896 708; baseline 0.008 -24"><span class='ocrx_word' id='word_1_8' title='bbox 147 621 275 685; x_wconf 84' lang='lat' dir='ltr'>Portitor</span> <span class='ocrx_word' id='word_1_9' title='bbox 289 639 431 687; x_wconf 85' lang='lat' dir='ltr'><strong>arcuerat.</strong></span> <span class='ocrx_word' id='word_1_10' title='bbox 475 625 599 708; x_wconf 87' lang='lat' dir='ltr'>Septem</span> <span class='ocrx_word' id='word_1_11' title='bbox 614 641 713 689; x_wconf 88' lang='lat' dir='ltr'>tamen</span> <span class='ocrx_word' id='word_1_12' title='bbox 729 627 777 690; x_wconf 91' lang='lat' dir='ltr'>ille</span> <span class='ocrx_word' id='word_1_13' title='bbox 792 628 896 691; x_wconf 89' lang='lat' dir='ltr'>diebus</span> 
     </span>
     <span class='ocr_line' id='line_1_4' title="bbox 147 718 896 805; baseline 0.007 -23"><span class='ocrx_word' id='word_1_14' title='bbox 147 718 303 803; x_wconf 87' lang='lat' dir='ltr'>Squalidus</span> <span class='ocrx_word' id='word_1_15' title='bbox 317 720 346 784; x_wconf 93' lang='lat' dir='ltr'>in</span> <span class='ocrx_word' id='word_1_16' title='bbox 362 721 436 805; x_wconf 65' lang='lat' dir='ltr'>ripis,</span> <span class='ocrx_word' id='word_1_17' title='bbox 452 721 570 786; x_wconf 89' lang='lat' dir='ltr'>Cereris</span> <span class='ocrx_word' id='word_1_18' title='bbox 585 723 646 785; x_wconf 92' lang='lat' dir='ltr'>sine</span> <span class='ocrx_word' id='word_1_19' title='bbox 661 746 794 802; x_wconf 89' lang='lat' dir='ltr'>munere,</span> <span class='ocrx_word' id='word_1_20' title='bbox 809 725 896 787; x_wconf 88' lang='lat' dir='ltr'>sedit.</span> 
     </span>
     <span class='ocr_line' id='line_1_5' title="bbox 146 814 1118 904; baseline 0.009 -27"><span class='ocrx_word' id='word_1_21' title='bbox 146 814 239 894; x_wconf 90' lang='lat' dir='ltr'>Cura,</span> <span class='ocrx_word' id='word_1_22' title='bbox 254 816 395 902; x_wconf 85' lang='lat' dir='ltr'>dolorque</span> <span class='ocrx_word' id='word_1_23' title='bbox 410 820 509 896; x_wconf 88' lang='lat' dir='ltr'>animi,</span> <span class='ocrx_word' id='word_1_24' title='bbox 525 819 719 904; x_wconf 83' lang='lat' dir='ltr'>lacrymaeque</span> <span class='ocrx_word' id='word_1_25' title='bbox 734 823 873 884; x_wconf 89' lang='lat' dir='ltr'>alimenta</span> <span class='ocrx_word' id='word_1_26' title='bbox 888 821 980 885; x_wconf 70' lang='lat' dir='ltr'>suere.</span> <span class='ocrx_word' id='word_1_27' title='bbox 1076 825 1118 886; x_wconf 76' lang='lat'>75</span> 
     </span>
     <span class='ocr_line' id='line_1_6' title="bbox 146 909 1127 999; baseline 0.008 -26"><span class='ocrx_word' id='word_1_28' title='bbox 146 909 222 973; x_wconf 77' lang='lat' dir='ltr'>Esse</span> <span class='ocrx_word' id='word_1_29' title='bbox 238 911 309 975; x_wconf 85' lang='lat' dir='ltr'>deos</span> <span class='ocrx_word' id='word_1_30' title='bbox 324 913 415 977; x_wconf 86' lang='lat' dir='ltr'>Erebi</span> <span class='ocrx_word' id='word_1_31' title='bbox 429 913 563 977; x_wconf 85' lang='lat' dir='ltr'>crudeles</span> <span class='ocrx_word' id='word_1_32' title='bbox 578 930 708 999; x_wconf 89' lang='lat' dir='ltr'>questus,</span> <span class='ocrx_word' id='word_1_33' title='bbox 723 916 751 978; x_wconf 90' lang='lat' dir='ltr'>in</span> <span class='ocrx_word' id='word_1_34' title='bbox 768 916 856 980; x_wconf 87' lang='lat' dir='ltr'>altam</span> <span class='ocrx_word' id='word_1_35' title='bbox 1125 938 1127 941; x_wconf 75' lang='grc'>’</span> 
     </span>
     <span class='ocr_line' id='line_1_7' title="bbox 146 1007 1137 1099; baseline 0.006 -28"><span class='ocrx_word' id='word_1_36' title='bbox 146 1007 188 1072; x_wconf 88' lang='lat' dir='ltr'>Se</span> <span class='ocrx_word' id='word_1_37' title='bbox 201 1009 305 1094; x_wconf 85' lang='lat' dir='ltr'>recipit</span> <span class='ocrx_word' id='word_1_38' title='bbox 318 1009 500 1096; x_wconf 89' lang='lat' dir='ltr'>Rhodopen,</span> <span class='ocrx_word' id='word_1_39' title='bbox 515 1013 692 1097; x_wconf 91' lang='lat' dir='ltr'>pulsumque</span> <span class='ocrx_word' id='word_1_40' title='bbox 707 1013 904 1099; x_wconf 83' lang='lat' dir='ltr'>Aquilonibus</span> <span class='ocrx_word' id='word_1_41' title='bbox 919 1012 1057 1078; x_wconf 71' lang='lat' dir='ltr'>Haemon.</span> <span class='ocrx_word' id='word_1_42' title='bbox 1135 1043 1137 1051; x_wconf 94' lang='lat'>·</span> 
     </span>
    </p>
   </div>
   <div class='ocr_carea' id='block_1_3' title="bbox 332 1325 933 1393">
    <p class='ocr_par' dir='ltr' id='par_1_3' title="bbox 332 1325 933 1393">
     <span class='ocr_line' id='line_1_8' title="bbox 332 1325 933 1393; baseline 0.003 -2"><span class='ocrx_word' id='word_1_43' title='bbox 332 1325 600 1392; x_wconf 73' lang='lat' dir='ltr'>macruruus‘ru</span> <span class='ocrx_word' id='word_1_44' title='bbox 621 1350 751 1393; x_wconf 73' lang='lat' dir='ltr'>sconart</span> <span class='ocrx_word' id='word_1_45' title='bbox 771 1350 933 1393; x_wconf 70' lang='lat' dir='ltr'>murra-us.</span> 
     </span>
    </p>
   </div>
   <div class='ocr_carea' id='block_1_4' title="bbox 488 1513 691 1575">
    <p class='ocr_par' dir='ltr' id='par_1_4' title="bbox 488 1513 691 1575">
     <span class='ocr_line' id='line_1_9' title="bbox 488 1513 691 1575; baseline 0 -1"><span class='ocrx_word' id='word_1_46' title='bbox 488 1522 493 1526; x_wconf 87' lang='lat'>&#39;</span> <span class='ocrx_word' id='word_1_47' title='bbox 571 1532 602 1574; x_wconf 84' lang='lat' dir='ltr'>v.</span> <span class='ocrx_word' id='word_1_48' title='bbox 621 1513 691 1575; x_wconf 76' lang='lat'><strong>162.</strong></span> 
     </span>
    </p>
   </div>
   <div class='ocr_carea' id='block_1_5' title="bbox 114 1690 1158 3631">
    <p class='ocr_par' dir='ltr' id='par_1_5' title="bbox 145 1690 1118 2172">
     <span class='ocr_line' id='line_1_10' title="bbox 188 1690 1054 1778; baseline 0.007 -24"><span class='ocrx_word' id='word_1_49' title='bbox 188 1690 237 1754; x_wconf 92' lang='lat' dir='ltr'>Te</span> <span class='ocrx_word' id='word_1_50' title='bbox 253 1713 381 1776; x_wconf 91' lang='lat' dir='ltr'>quoque,</span> <span class='ocrx_word' id='word_1_51' title='bbox 395 1691 567 1777; x_wconf 86' lang='lat' dir='ltr'>Amyclide,</span> <span class='ocrx_word' id='word_1_52' title='bbox 582 1694 727 1778; x_wconf 86' lang='lat' dir='ltr'>posuisset</span> <span class='ocrx_word' id='word_1_53' title='bbox 742 1695 771 1758; x_wconf 90' lang='lat' dir='ltr'>in</span> <span class='ocrx_word' id='word_1_54' title='bbox 786 1695 894 1759; x_wconf 77' lang='lat' dir='ltr'>ethere</span> <span class='ocrx_word' id='word_1_55' title='bbox 908 1695 1054 1774; x_wconf 88' lang='lat' dir='ltr'>Phoebus,</span> 
     </span>
     <span class='ocr_line' id='line_1_11' title="bbox 145 1787 935 1875; baseline 0.005 -24"><span class='ocrx_word' id='word_1_56' title='bbox 145 1787 255 1853; x_wconf 88' lang='lat' dir='ltr'>Tristia</span> <span class='ocrx_word' id='word_1_57' title='bbox 269 1789 293 1852; x_wconf 91' lang='lat' dir='ltr'>si</span> <span class='ocrx_word' id='word_1_58' title='bbox 306 1789 432 1875; x_wconf 86' lang='lat' dir='ltr'>spatium</span> <span class='ocrx_word' id='word_1_59' title='bbox 447 1790 576 1874; x_wconf 88' lang='lat' dir='ltr'>ponendi</span> <span class='ocrx_word' id='word_1_60' title='bbox 589 1790 666 1856; x_wconf 87' lang='lat' dir='ltr'>Fata</span> <span class='ocrx_word' id='word_1_61' title='bbox 681 1791 841 1856; x_wconf 88' lang='lat' dir='ltr'>dedissent.</span> <span class='ocrx_word' id='word_1_62' title='bbox 933 1825 935 1829; x_wconf 43' lang='lat'><em>⁷</em></span> 
     </span>
     <span class='ocr_line' id='line_1_12' title="bbox 146 1885 1118 1976; baseline 0.005 -27"><span class='ocrx_word' id='word_1_63' title='bbox 146 1885 220 1960; x_wconf 80' lang='lat' dir='ltr'>Qut</span> <span class='ocrx_word' id='word_1_64' title='bbox 233 1887 312 1966; x_wconf 89' lang='lat' dir='ltr'>licet,</span> <span class='ocrx_word' id='word_1_65' title='bbox 328 1901 451 1951; x_wconf 89' lang='lat' dir='ltr'>aeternus</span> <span class='ocrx_word' id='word_1_66' title='bbox 466 1903 564 1952; x_wconf 89' lang='lat' dir='ltr'>tamen</span> <span class='ocrx_word' id='word_1_67' title='bbox 580 1911 629 1953; x_wconf 88' lang='lat' dir='ltr'>es:</span> <span class='ocrx_word' id='word_1_68' title='bbox 653 1890 826 1976; x_wconf 87' lang='lat' dir='ltr'>quotiesque</span> <span class='ocrx_word' id='word_1_69' title='bbox 841 1889 957 1974; x_wconf 89' lang='lat' dir='ltr'>repellit</span> <span class='ocrx_word' id='word_1_70' title='bbox 1075 1890 1118 1954; x_wconf 81' lang='lat'>60</span> 
     </span>
     <span class='ocr_line' id='line_1_13' title="bbox 146 1981 910 2074; baseline 0.008 -28"><span class='ocrx_word' id='word_1_71' title='bbox 146 1981 211 2047; x_wconf 92' lang='lat' dir='ltr'>Ver</span> <span class='ocrx_word' id='word_1_72' title='bbox 224 1984 364 2064; x_wconf 87' lang='lat' dir='ltr'>hiemem,</span> <span class='ocrx_word' id='word_1_73' title='bbox 379 1985 518 2071; x_wconf 87' lang='lat' dir='ltr'>Piscique</span> <span class='ocrx_word' id='word_1_74' title='bbox 532 1987 620 2050; x_wconf 86' lang='lat' dir='ltr'>Aries</span> <span class='ocrx_word' id='word_1_75' title='bbox 634 1988 767 2051; x_wconf 87' lang='lat' dir='ltr'>succedit</span> <span class='ocrx_word' id='word_1_76' title='bbox 781 2008 910 2074; x_wconf 84' lang='lat' dir='ltr'>aquos03</span> 
     </span>
     <span class='ocr_line' id='line_1_14' title="bbox 145 2072 873 2172; baseline 0.005 -25"><span class='ocrx_word' id='word_1_77' title='bbox 145 2083 195 2147; x_wconf 91' lang='lat' dir='ltr'>Tu</span> <span class='ocrx_word' id='word_1_78' title='bbox 211 2086 297 2149; x_wconf 89' lang='lat' dir='ltr'>toties</span> <span class='ocrx_word' id='word_1_79' title='bbox 311 2086 411 2164; x_wconf 89' lang='lat' dir='ltr'>oreris,</span> <span class='ocrx_word' id='word_1_80' title='bbox 427 2072 570 2171; x_wconf 87' lang='lat' dir='ltr'>viridique</span> <span class='ocrx_word' id='word_1_81' title='bbox 585 2088 614 2150; x_wconf 90' lang='lat' dir='ltr'>in</span> <span class='ocrx_word' id='word_1_82' title='bbox 628 2089 742 2172; x_wconf 89' lang='lat' dir='ltr'>cespite</span> <span class='ocrx_word' id='word_1_83' title='bbox 758 2110 873 2151; x_wconf 90' lang='lat' dir='ltr'>vernas.</span> 
     </span>
    </p>

    <p class='ocr_par' dir='ltr' id='par_1_6' title="bbox 114 2182 1158 3631">
     <span class='ocr_line' id='line_1_15' title="bbox 187 2182 917 2268; baseline 0.004 -23"><span class='ocrx_word' id='word_1_84' title='bbox 187 2183 316 2268; x_wconf 87' lang='lat' dir='ltr'>Jamque</span> <span class='ocrx_word' id='word_1_85' title='bbox 331 2182 392 2247; x_wconf 75' lang='lat' dir='ltr'>sere</span> <span class='ocrx_word' id='word_1_86' title='bbox 407 2183 521 2247; x_wconf 86' lang='lat' dir='ltr'>medius</span> <span class='ocrx_word' id='word_1_87' title='bbox 535 2183 628 2246; x_wconf 87' lang='lat' dir='ltr'>Titan</span> <span class='ocrx_word' id='word_1_88' title='bbox 642 2185 786 2248; x_wconf 87' lang='lat' dir='ltr'>venientis</span> <span class='ocrx_word' id='word_1_89' title='bbox 800 2198 831 2247; x_wconf 90' lang='lat' dir='ltr'>et</span> <span class='ocrx_word' id='word_1_90' title='bbox 845 2198 917 2248; x_wconf 86' lang='lat' dir='ltr'>actae</span> 
     </span>
     <span class='ocr_line' id='line_1_16' title="bbox 145 2279 902 2367; baseline 0.003 -24"><span class='ocrx_word' id='word_1_91' title='bbox 145 2279 250 2345; x_wconf 90' lang='lat' dir='ltr'>Noctis</span> <span class='ocrx_word' id='word_1_92' title='bbox 265 2295 337 2360; x_wconf 92' lang='lat' dir='ltr'>erat,</span> <span class='ocrx_word' id='word_1_93' title='bbox 352 2283 505 2365; x_wconf 85' lang='lat' dir='ltr'>spatioque</span> <span class='ocrx_word' id='word_1_94' title='bbox 520 2281 583 2366; x_wconf 89' lang='lat' dir='ltr'>pari</span> <span class='ocrx_word' id='word_1_95' title='bbox 598 2281 723 2346; x_wconf 90' lang='lat' dir='ltr'>distabat</span> <span class='ocrx_word' id='word_1_96' title='bbox 736 2281 902 2367; x_wconf 88' lang='lat' dir='ltr'>utrimque:</span> 
     </span>
     <span class='ocr_line' id='line_1_17' title="bbox 145 2376 1118 2462; baseline 0.002 -21"><span class='ocrx_word' id='word_1_97' title='bbox 145 2376 281 2462; x_wconf 88' lang='lat' dir='ltr'>Corpora</span> <span class='ocrx_word' id='word_1_98' title='bbox 298 2392 377 2442; x_wconf 76' lang='lat' dir='ltr'>reste</span> <span class='ocrx_word' id='word_1_99' title='bbox 391 2378 502 2455; x_wconf 91' lang='lat' dir='ltr'>levant,</span> <span class='ocrx_word' id='word_1_100' title='bbox 517 2392 547 2441; x_wconf 91' lang='lat' dir='ltr'>et</span> <span class='ocrx_word' id='word_1_101' title='bbox 561 2401 650 2442; x_wconf 90' lang='lat' dir='ltr'>succo</span> <span class='ocrx_word' id='word_1_102' title='bbox 665 2379 781 2462; x_wconf 86' lang='lat' dir='ltr'>pinguis</span> <span class='ocrx_word' id='word_1_103' title='bbox 791 2379 863 2442; x_wconf 86' lang='lat' dir='ltr'>olivi</span> <span class='ocrx_word' id='word_1_104' title='bbox 1074 2379 1118 2443; x_wconf 80' lang='lat'>85</span> 
     </span>
     <span class='ocr_line' id='line_1_18' title="bbox 145 2462 1158 2559; baseline -0.001 -21"><span class='ocrx_word' id='word_1_105' title='bbox 145 2475 375 2559; x_wconf 74' lang='lat' dir='ltr'>splendescunt,</span> <span class='ocrx_word' id='word_1_106' title='bbox 389 2475 499 2558; x_wconf 87' lang='lat' dir='ltr'>latique</span> <span class='ocrx_word' id='word_1_107' title='bbox 514 2475 616 2538; x_wconf 92' lang='lat' dir='ltr'>ineunt</span> <span class='ocrx_word' id='word_1_108' title='bbox 629 2476 790 2539; x_wconf 88' lang='lat' dir='ltr'>certamina</span> <span class='ocrx_word' id='word_1_109' title='bbox 804 2474 886 2538; x_wconf 88' lang='lat' dir='ltr'>disci.</span> <span class='ocrx_word' id='word_1_110' title='bbox 1152 2462 1158 2472; x_wconf 43' lang='lat'>⁸</span> 
     </span>
     <span class='ocr_line' id='line_1_19' title="bbox 146 2565 895 2655; baseline 0.003 -22"><span class='ocrx_word' id='word_1_111' title='bbox 146 2571 250 2645; x_wconf 87' lang='lat' dir='ltr'>Quem</span> <span class='ocrx_word' id='word_1_112' title='bbox 264 2572 343 2655; x_wconf 81' lang='lat' dir='ltr'>prius</span> <span class='ocrx_word' id='word_1_113' title='bbox 359 2565 452 2635; x_wconf 71' lang='lat' dir='ltr'>adrias</span> <span class='ocrx_word' id='word_1_114' title='bbox 467 2572 602 2635; x_wconf 88' lang='lat' dir='ltr'>libratum</span> <span class='ocrx_word' id='word_1_115' title='bbox 616 2571 752 2635; x_wconf 89' lang='lat' dir='ltr'>Phoebus</span> <span class='ocrx_word' id='word_1_116' title='bbox 766 2572 795 2635; x_wconf 91' lang='lat' dir='ltr'>in</span> <span class='ocrx_word' id='word_1_117' title='bbox 811 2592 895 2635; x_wconf 84' lang='lat' dir='ltr'>auras</span> 
     </span>
     <span class='ocr_line' id='line_1_20' title="bbox 145 2668 842 2754; baseline -0.001 -22"><span class='ocrx_word' id='word_1_118' title='bbox 145 2668 240 2747; x_wconf 88' lang='lat' dir='ltr'>Misit,</span> <span class='ocrx_word' id='word_1_119' title='bbox 256 2682 286 2732; x_wconf 93' lang='lat' dir='ltr'>et</span> <span class='ocrx_word' id='word_1_120' title='bbox 299 2669 449 2753; x_wconf 88' lang='lat' dir='ltr'>oppositas</span> <span class='ocrx_word' id='word_1_121' title='bbox 464 2669 577 2754; x_wconf 85' lang='lat' dir='ltr'>disjecit</span> <span class='ocrx_word' id='word_1_122' title='bbox 591 2669 722 2753; x_wconf 91' lang='lat' dir='ltr'>pondere</span> <span class='ocrx_word' id='word_1_123' title='bbox 737 2670 842 2732; x_wconf 91' lang='lat' dir='ltr'>nubes.</span> 
     </span>
     <span class='ocr_line' id='line_1_21' title="bbox 145 2765 899 2852; baseline 0.001 -23"><span class='ocrx_word' id='word_1_124' title='bbox 145 2765 267 2833; x_wconf 86' lang='lat' dir='ltr'>Recidit</span> <span class='ocrx_word' id='word_1_125' title='bbox 281 2767 310 2830; x_wconf 90' lang='lat' dir='ltr'>in</span> <span class='ocrx_word' id='word_1_126' title='bbox 325 2766 448 2831; x_wconf 87' lang='lat' dir='ltr'>solidam</span> <span class='ocrx_word' id='word_1_127' title='bbox 461 2767 549 2850; x_wconf 88' lang='lat' dir='ltr'>longo</span> <span class='ocrx_word' id='word_1_128' title='bbox 563 2767 630 2851; x_wconf 76' lang='lat' dir='ltr'>prist</span> <span class='ocrx_word' id='word_1_129' title='bbox 644 2781 778 2852; x_wconf 91' lang='lat' dir='ltr'>tempore</span> <span class='ocrx_word' id='word_1_130' title='bbox 793 2781 899 2830; x_wconf 90' lang='lat' dir='ltr'>terram</span> 
     </span>
     <span class='ocr_line' id='line_1_22' title="bbox 144 2864 1117 2950; baseline -0.001 -21"><span class='ocrx_word' id='word_1_131' title='bbox 144 2865 287 2930; x_wconf 90' lang='lat' dir='ltr'>Pondus:</span> <span class='ocrx_word' id='word_1_132' title='bbox 310 2879 340 2929; x_wconf 93' lang='lat' dir='ltr'>et</span> <span class='ocrx_word' id='word_1_133' title='bbox 355 2865 489 2929; x_wconf 86' lang='lat' dir='ltr'>exhibuit</span> <span class='ocrx_word' id='word_1_134' title='bbox 499 2864 635 2950; x_wconf 89' lang='lat' dir='ltr'>junctam</span> <span class='ocrx_word' id='word_1_135' title='bbox 649 2887 719 2929; x_wconf 90' lang='lat' dir='ltr'>cum</span> <span class='ocrx_word' id='word_1_136' title='bbox 735 2865 849 2929; x_wconf 83' lang='lat' dir='ltr'>viribus</span> <span class='ocrx_word' id='word_1_137' title='bbox 857 2878 962 2928; x_wconf 86' lang='lat' dir='ltr'>artem.</span> <span class='ocrx_word' id='word_1_138' title='bbox 1074 2865 1117 2928; x_wconf 86' lang='lat'>9⁰</span> 
     </span>
     <span class='ocr_line' id='line_1_23' title="bbox 144 2962 873 3048; baseline 0.001 -21"><span class='ocrx_word' id='word_1_139' title='bbox 144 2964 283 3028; x_wconf 89' lang='lat' dir='ltr'>Protinus</span> <span class='ocrx_word' id='word_1_140' title='bbox 297 2962 477 3048; x_wconf 88' lang='lat' dir='ltr'>imprudens,</span> <span class='ocrx_word' id='word_1_141' title='bbox 492 2977 634 3047; x_wconf 87' lang='lat' dir='ltr'>actusque</span> <span class='ocrx_word' id='word_1_142' title='bbox 648 2963 788 3046; x_wconf 87' lang='lat' dir='ltr'>cupidine</span> <span class='ocrx_word' id='word_1_143' title='bbox 801 2964 873 3042; x_wconf 92' lang='lat' dir='ltr'>ludi,</span> 
     </span>
     <span class='ocr_line' id='line_1_24' title="bbox 144 3061 919 3145; baseline 0.001 -20"><span class='ocrx_word' id='word_1_144' title='bbox 144 3063 265 3126; x_wconf 87' lang='lat' dir='ltr'>Tollere</span> <span class='ocrx_word' id='word_1_145' title='bbox 279 3061 449 3126; x_wconf 87' lang='lat' dir='ltr'>Taenarides</span> <span class='ocrx_word' id='word_1_146' title='bbox 463 3061 565 3124; x_wconf 91' lang='lat' dir='ltr'>orbem</span> <span class='ocrx_word' id='word_1_147' title='bbox 579 3061 771 3145; x_wconf 85' lang='lat' dir='ltr'>properabat:</span> <span class='ocrx_word' id='word_1_148' title='bbox 795 3061 919 3126; x_wconf 81' lang='lat' dir='ltr'>utillum</span> 
     </span>
     <span class='ocr_line' id='line_1_25' title="bbox 144 3158 793 3244; baseline 0 -22"><span class='ocrx_word' id='word_1_149' title='bbox 144 3159 230 3223; x_wconf 89' lang='lat' dir='ltr'>Dura</span> <span class='ocrx_word' id='word_1_150' title='bbox 243 3181 415 3244; x_wconf 90' lang='lat' dir='ltr'>repercusso</span> <span class='ocrx_word' id='word_1_151' title='bbox 429 3158 553 3244; x_wconf 88' lang='lat' dir='ltr'>subjecit</span> <span class='ocrx_word' id='word_1_152' title='bbox 568 3160 604 3222; x_wconf 85' lang='lat' dir='ltr'>ab</span> <span class='ocrx_word' id='word_1_153' title='bbox 619 3163 687 3222; x_wconf 86' lang='lat' dir='ltr'>a&#39;e&#39;re</span> <span class='ocrx_word' id='word_1_154' title='bbox 706 3159 793 3229; x_wconf 89' lang='lat' dir='ltr'>tellus</span> 
     </span>
     <span class='ocr_line' id='line_1_26' title="bbox 145 3255 902 3342; baseline 0.001 -23"><span class='ocrx_word' id='word_1_155' title='bbox 145 3256 180 3319; x_wconf 91' lang='lat' dir='ltr'>ln</span> <span class='ocrx_word' id='word_1_156' title='bbox 192 3258 300 3335; x_wconf 89' lang='lat' dir='ltr'>vultus,</span> <span class='ocrx_word' id='word_1_157' title='bbox 316 3255 498 3340; x_wconf 89' lang='lat' dir='ltr'>Hyacinthe,</span> <span class='ocrx_word' id='word_1_158' title='bbox 514 3270 591 3318; x_wconf 87' lang='lat' dir='ltr'>tuos.</span> <span class='ocrx_word' id='word_1_159' title='bbox 636 3255 792 3338; x_wconf 84' lang='lat' dir='ltr'>Expalluit</span> <span class='ocrx_word' id='word_1_160' title='bbox 806 3258 902 3342; x_wconf 79' lang='lat' dir='ltr'>aqu&#39;e,</span> 
     </span>
     <span class='ocr_line' id='line_1_27' title="bbox 114 3337 1118 3440; baseline -0.002 -21"><span class='ocrx_word' id='word_1_161' title='bbox 114 3363 116 3368; x_wconf 76' lang='grc'>’</span> <span class='ocrx_word' id='word_1_162' title='bbox 144 3356 193 3419; x_wconf 89' lang='lat' dir='ltr'>Ac</span> <span class='ocrx_word' id='word_1_163' title='bbox 208 3337 292 3440; x_wconf 80' lang='lat' dir='ltr'>pher,</span> <span class='ocrx_word' id='word_1_164' title='bbox 307 3354 371 3438; x_wconf 90' lang='lat' dir='ltr'>ipse</span> <span class='ocrx_word' id='word_1_165' title='bbox 387 3353 478 3417; x_wconf 89' lang='lat' dir='ltr'>deus:</span> <span class='ocrx_word' id='word_1_166' title='bbox 501 3353 705 3438; x_wconf 91' lang='lat' dir='ltr'>collapsosque</span> <span class='ocrx_word' id='word_1_167' title='bbox 720 3354 831 3438; x_wconf 83' lang='lat' dir='ltr'>excipit</span> <span class='ocrx_word' id='word_1_168' title='bbox 845 3368 944 3418; x_wconf 86' lang='lat' dir='ltr'>artus:</span> <span class='ocrx_word' id='word_1_169' title='bbox 1075 3354 1118 3417; x_wconf 79' lang='lat'>95</span> 
     </span>
     <span class='ocr_line' id='line_1_28' title="bbox 144 3450 962 3517; baseline -0.005 0"><span class='ocrx_word' id='word_1_170' title='bbox 144 3452 187 3517; x_wconf 85' lang='lat' dir='ltr'>Et</span> <span class='ocrx_word' id='word_1_171' title='bbox 200 3452 290 3516; x_wconf 86' lang='lat' dir='ltr'>modb</span> <span class='ocrx_word' id='word_1_172' title='bbox 304 3466 333 3515; x_wconf 90' lang='lat' dir='ltr'>te</span> <span class='ocrx_word' id='word_1_173' title='bbox 347 3451 477 3515; x_wconf 83' lang='lat' dir='ltr'>refovet:</span> <span class='ocrx_word' id='word_1_174' title='bbox 500 3450 590 3514; x_wconf 81' lang='lat' dir='ltr'>modd</span> <span class='ocrx_word' id='word_1_175' title='bbox 604 3451 696 3515; x_wconf 86' lang='lat' dir='ltr'>tristia</span> <span class='ocrx_word' id='word_1_176' title='bbox 710 3453 830 3515; x_wconf 89' lang='lat' dir='ltr'>vulnere</span> <span class='ocrx_word' id='word_1_177' title='bbox 845 3451 962 3514; x_wconf 68' lang='lat' dir='ltr'>siccata</span> 
     </span>
     <span class='ocr_line' id='line_1_29' title="bbox 147 3546 954 3631; baseline -0.005 -18"><span class='ocrx_word' id='word_1_178' title='bbox 147 3546 235 3613; x_wconf 88' lang='lat' dir='ltr'>Nunc</span> <span class='ocrx_word' id='word_1_179' title='bbox 249 3549 377 3613; x_wconf 91' lang='lat' dir='ltr'>animam</span> <span class='ocrx_word' id='word_1_180' title='bbox 391 3549 516 3612; x_wconf 89' lang='lat' dir='ltr'>admotis</span> <span class='ocrx_word' id='word_1_181' title='bbox 531 3547 693 3631; x_wconf 84' lang='lat' dir='ltr'>lugientem</span> <span class='ocrx_word' id='word_1_182' title='bbox 708 3550 832 3611; x_wconf 89' lang='lat' dir='ltr'>sustinet</span> <span class='ocrx_word' id='word_1_183' title='bbox 845 3547 954 3611; x_wconf 84' lang='lat' dir='ltr'>herbis.</span> 
     </span>
    </p>
   </div>
   <div class='ocr_carea' id='block_1_6' title="bbox 0 0 1272 4252">
    <p class='ocr_par' dir='ltr' id='par_1_7' title="bbox 0 0 1272 4252">
     <span class='ocr_line' id='line_1_30' title="bbox 0 0 1272 4252; baseline 0 0"><span class='ocrx_word' id='word_1_184' title='bbox 0 0 1272 4252; x_wconf 95' lang='lat' dir='ltr'> </span> 
     </span>
    </p>
   </div>
  </div>
 </body>
</html>
