2536 4252
561 442 667 492 LIBER
685 442 704 491 l.

146 589 209 654 Ver
223 606 283 654 erat
299 606 449 669 aetemum,
465 574 630 676 placidique
646 595 814 677 tepentibus
829 614 905 656 anns

144 687 318 754 Mulcebant
333 691 457 774 zephyri
471 706 554 753 natos
569 692 631 753 aine
647 692 759 753 semine
775 691 872 754 flores

143 786 221 850 Mox
236 789 323 851 etiam
341 788 436 871 fruges
452 788 538 850 tellus
554 789 663 851 inarata
678 789 803 852 serebat:

143 883 211 949 Neo
225 902 382 949 renovatus
397 908 467 969 ager
481 887 606 969 gravidis
621 888 746 950 canebat
761 888 865 951 aristis.
1059 891 1119 950 lto

143 983 282 1047 Flumina
293 984 354 1070 jam
369 985 462 1062 lactis,
474 984 536 1070 jam
553 985 674 1047 flumina
689 988 813 1049 nectaris
829 987 925 1049 ibant:

143 1080 297 1166 Flavaque
312 1083 349 1145 de
365 1083 449 1146 viridi
464 1083 609 1146 stillabant
624 1084 691 1147 ilice
706 1085 804 1146 mella.

186 1180 359 1266 Postquam,
374 1182 500 1245 Saturno
515 1184 669 1246 tenebrosa
684 1183 713 1245 iu
727 1183 851 1246 Tartara
865 1183 966 1260 misso,

144 1278 207 1341 Sub
221 1278 299 1342 Jove
315 1281 441 1343 mundus
456 1295 536 1358 erat;
558 1281 647 1344 subiit
663 1297 802 1363 argentea
818 1283 924 1365 proles,

143 1377 228 1438 Auro
242 1376 378 1454 deterior,
393 1377 474 1440 lulvo
489 1378 643 1461 pretiosior
657 1400 723 1440 aere.
1058 1380 1119 1453 115

143 1473 262 1558 Jupiter
276 1475 387 1559 antiqui
401 1477 547 1539 contraxit
562 1490 696 1560 tempora
711 1476 804 1539 veris:

143 1572 263 1656 Perque
278 1573 402 1650 hiemes,
418 1589 573 1658 astusque,
589 1589 619 1638 et
634 1575 790 1658 inequales
806 1590 972 1652 autumnos,

143 1670 186 1734 Et
199 1671 289 1734 breve
305 1693 366 1749 ver,
382 1673 482 1756 spatiis
497 1674 596 1755 exegit
612 1688 735 1758 quatuor
750 1695 870 1735 annum.

143 1769 225 1832 Tum
240 1769 366 1853 primirm
382 1771 466 1833 siccis
481 1775 533 1834 ae'r
547 1770 708 1834 fervoribus
723 1774 823 1834 ustus'

143 1866 291 1931 Canduit:
315 1881 346 1930 et
361 1869 455 1932 ventis
470 1869 578 1952 glacies
592 1870 730 1933 adstricta
745 1871 896 1954 pependit.
971 1890 973 1894 “
1058 1873 1118 1935 120

142 1965 224 2028 Tum
239 1966 365 2049 primum
380 1967 496 2030 subiere
512 1968 624 2031 domos.
670 1968 787 2031 Domus
802 1984 885 2032 antra
906 1966 1033 2046 suerunt,

142 2062 185 2127 Et
199 2063 282 2127 densi
297 2064 424 2144 frutices,
439 2080 469 2129 et
485 2067 589 2138 vincte
603 2067 712 2130 cortice
729 2067 824 2149 virga.

143 2161 263 2225 Semina
277 2177 341 2226 tum
356 2164 481 2247 primlnn
496 2165 590 2247 longis
605 2164 741 2228 Cerealia
757 2164 844 2227 sulcis

143 2259 258 2324 Obruta
272 2275 350 2338 sunt,
365 2263 516 2346 pressique
527 2262 600 2348 jugo
615 2263 755 2346 gemuere
770 2261 903 2347 juvenci.

185 2359 289 2423 Tertia
303 2374 370 2444 post
384 2359 446 2423 illas
460 2361 600 2425 successit
615 2365 709 2423 aenea
724 2361 831 2443 proleS,
1046 2358 1118 2425 ‘125

143 2457 253 2520 Saevior
269 2458 401 2540 ingeniis,
418 2471 448 2520 et
463 2459 500 2520 ad
516 2458 631 2521 horrida
646 2459 806 2541 promptior
820 2480 919 2534 arma,
1013 2485 1020 2494 ·

143 2553 211 2618 Nec
225 2555 374 2617 scelerata·
381 2570 491 2621 tamen.
537 2554 586 2618 De
601 2555 673 2618 duro
688 2569 733 2619 est
748 2556 850 2619 ultima
864 2553 949 2619 leno.

143 2652 281 2716 Protinus
296 2653 428 2737 irrumpit
445 2674 527 2716 venae
543 2653 649 2738 pejoris
666 2653 693 2716 in
709 2676 804 2717 avum

142 2750 242 2814 Omne
257 2749 354 2815 nefas:
378 2750 480 2834 sugdre
495 2752 599 2835 pudor,
615 2771 787 2836 verumque,
802 2752 950 2836 fidesque:

142 2848 177 2912 ln
194 2872 317 2934 quorum
332 2851 449 2913 subidre
464 2851 562 2913 locum
577 2849 761 2934 fraudesque,
777 2850 905 2935 dolique,
1058 2853 1119 2916 130

142 2946 327 3033 Insidiaeque,
343 2962 373 3011 et
389 2948 442 3026 viS,
458 2962 488 3011 et
504 2970 585 3010 amor
599 2950 758 3011 sceleratus
774 2949 911 3011 habendi.

144 3045 221 3109 Vela
237 3047 325 3109 dabat
340 3048 445 3125 ventis,
460 3069 516 3109 nec
528 3046 625 3108 adhuc
640 3047 716 3108 bone
732 3060 854 3109 noverat
870 3046 933 3108 illos

143 3143 269 3208 Navita:
293 3131 415 3229 queque
431 3144 480 3206 diu
496 3144 680 3207 steterentin
697 3145 843 3207 montibus
858 3144 933 3220 altis,

142 3242 298 3305 Fluctibus
312 3243 418 3324 ignotis
434 3242 610 3304 insultavdre
625 3243 740 3304 carina.

143 3340 402 3424 Communemque
418 3341 507 3424 priris,
523 3362 578 3402 cen
594 3340 702 3402 lumina
722 3340 789 3402 solis
804 3355 835 3401 et
850 3362 944 3417 auraS,
1059 3339 1117 3402 135

143 3438 258 3502 Cautus
273 3434 397 3500 humdm
412 3438 500 3520 longo
515 3439 638 3520 signavit
655 3439 745 3500 limite
762 3460 889 3500 mensor.

142 3536 209 3600 Nec
225 3538 338 3599 tantiam
353 3551 470 3619 segetes
485 3536 684 3620 alimentaque
700 3536 799 3598 debita
814 3537 897 3597 dives
976 3606 983 3618 .

142 3633 325 3700 Poscebatur
340 3635 467 3712 humus3
488 3633 542 3697 sed
556 3634 629 3697 itum
644 3648 690 3697 est
704 3634 734 3696 in
750 3635 862 3697 viscera
876 3648 975 3697 terrae:

401 3737 415 3795 1
431 3733 450 3774 a
