2536 4252
77 441 81 448 ·
183 411 244 474 168
572 418 764 469 HEROIDES.

180 565 221 632 Ut
235 569 320 632 rediit
335 591 460 646 animus,
476 569 584 652 pariter
598 568 711 631 rediere
727 569 861 646 dolores;

160 706 162 713 ι
219 667 349 730 Pectora
364 667 512 749 legitimus
526 682 607 734 casta
621 667 778 729 momordit
793 688 885 729 amor.

177 763 245 828 Nec
260 766 332 828 milri
349 765 511 848 pectendos
526 786 596 828 cura
611 780 656 827 est
672 765 801 847 praebere
817 765 958 848 capillos:

219 861 286 925 Nec
301 863 373 926 libet
389 862 490 926 aurata
504 885 628 946 corpora
643 876 726 925 veste
742 863 813 945 tegi.

176 959 220 1024 Ut
235 982 307 1045 quas
322 961 483 1045 pampinea
497 962 628 1044 tetigisse
643 960 819 1043 Bicorniger
832 961 918 1025 hastis

220 1058 361 1122 Creditur
370 1080 379 1136 ;
402 1060 460 1122 huc
475 1059 555 1137 illuc,
572 1059 631 1144 qud
648 1058 727 1121 furor
741 1059 812 1141 egit,
828 1081 876 1122 eo.

175 1156 370 1221 Conveniunt
385 1171 493 1220 matres
508 1157 695 1241 Phylleides,
711 1171 741 1220 et
755 1157 827 1220 mihi
843 1157 983 1237 clamant,
997 1219 999 1223 ,
1115 1163 1158 1224 35

112 1298 122 1333 ,
218 1264 227 1293 ‘
236 1255 332 1319 lndue
347 1255 472 1339 regales,
487 1254 662 1333 Laodamia,
677 1255 779 1329 sinus?

34 1347 36 1352 ’
174 1354 294 1418 Scilicet
309 1355 373 1439 ipsa
387 1376 488 1436 geram
503 1368 645 1417 saturatas
660 1354 771 1418 murice
787 1345 904 1418 vestes:

216 1451 306 1515 Bella
320 1452 375 1515 sub
391 1452 487 1516 lliacis
501 1453 648 1516 moenibus
663 1452 712 1515 ille
727 1454 830 1534 gerat?

174 1548 243 1613 lusa
257 1572 357 1613 comas
372 1565 490 1635 pectar:
515 1549 601 1634 galea
614 1564 706 1633 caput
720 1551 768 1613 ille
784 1553 958 1634 prematur?

183 1668 186 1675 ’
215 1646 286 1731 Ipsa
300 1670 392 1711 novas
407 1664 524 1712 vestes:
548 1648 622 1711 dura
638 1649 683 1711 vir
697 1670 776 1711 arma
791 1648 888 1714 ferat?

79 1778 85 1790 =
174 1743 247 1820 Qua
261 1767 393 1830 possum,
408 1748 543 1831 squalore
559 1760 624 1810 tuos
640 1747 752 1810 imitata
766 1747 881 1812 labores

216 1843 324 1907 Dicar:
349 1859 379 1908 et
394 1845 457 1908 haec
472 1846 541 1908 belli
556 1859 691 1929 tempora
705 1846 793 1908 tristis
808 1868 906 1929 agam.

170 1941 247 2005 Dux
263 1942 333 2005 Pari
348 1941 509 2025 Priamide,
524 1943 633 2006 damno
649 1943 775 2007 formose
789 1959 918 2024 tuorum,

214 2040 294 2103 Tam
308 2040 347 2104 sis
362 2041 557 2120 hostisiners,
573 2041 663 2127 quam
677 2043 772 2105 malus
787 2044 897 2128 hospes
912 2066 987 2109 eras.

154 2139 236 2202 ‘Aut
251 2154 281 2203 te
296 2139 439 2204 Taenariae
455 2139 563 2204 faciem
577 2140 716 2225 culpdsse
730 2142 851 2219 maritae,

163 2228 165 2236 ἱ
214 2240 278 2302 Aut
293 2239 333 2302 illi
349 2241 457 2302 vellem
473 2240 655 2323 displicuisse
670 2254 763 2303 tuam.

171 2338 233 2417 Tu,
250 2340 299 2423 qai
315 2362 368 2423 pro
383 2340 468 2424 raptd
481 2341 615 2417 nimium,
630 2339 783 2419 Menelaii,
798 2342 923 2422 laboras,

214 2435 274 2500 Hei
290 2431 373 2516 mihi,
389 2439 478 2524 qnam
494 2439 592 2502 multis
607 2438 711 2501 flebilis
726 2439 804 2502 ultor
818 2441 893 2504 eris!

171 2534 224 2612 Di,
241 2558 355 2619 precor,
372 2559 389 2600 a
404 2537 488 2600 nobis
503 2559 591 2601 omen
607 2553 760 2601 removete
774 2539 939 2604 sinistrum:

104 2713 106 2717 ¹
213 2633 255 2696 Et
270 2657 323 2697 sua
337 2636 388 2697 det
402 2636 503 2698 reduci
520 2637 562 2698 vir
576 2658 660 2698 meus
676 2659 756 2699 anna
771 2636 852 2699 Jovi.

170 2732 231 2794 Sed
247 2733 355 2795 timeo:
381 2734 554 2818 quotiesque
570 2734 647 2796 subit
662 2735 827 2797 miserabile
843 2736 966 2816 bellum,

212 2827 300 2892 More
315 2831 401 2909 nivis,
417 2831 565 2916 lacrymae,
580 2833 642 2894 sole
658 2831 814 2910 madentiS,
829 2848 912 2896 eunt.

170 2926 243 2988 llion
261 2943 291 2991 et
305 2928 457 3007 Tenedos,
473 2922 653 3016 Simoisque,
669 2945 699 2994 et
715 2929 867 3011 Xanthus,
882 2946 913 2996 et
928 2932 993 3011 lde,

213 3023 342 3087 Nomina
357 3040 426 3088 sunt
439 3028 503 3110 ipso
517 3029 596 3110 pene
612 3028 743 3091 timenda
757 3051 840 3092 sono.

169 3120 237 3185 Nec
251 3144 355 3207 rapere
370 3144 503 3201 ausurus,
518 3124 573 3187 nisi
588 3145 621 3187 se
636 3126 795 3189 defendere
812 3142 922 3212 posset,

211 3220 332 3305 Hospes
348 3236 427 3285 erat:
452 3223 528 3284 vires
543 3237 666 3286 noverat
681 3224 730 3287 ille
745 3247 823 3288 suas.

170 3318 302 3382 Venerat
320 3318 368 3406 (ut
383 3318 460 3383 sama
475 3326 535 3407 est)
552 3323 647 3386 multo
661 3325 829 3408 spectabilis
845 3347 926 3404 auro,

211 3415 335 3502 Quique
351 3440 405 3481 suo
420 3417 567 3502 Phrygias
582 3443 705 3505 corpore
721 3421 809 3485 ferret
824 3446 908 3506 opes.

169 3513 274 3594 Classe
291 3518 418 3602 virisque
434 3532 552 3602 potenS,
567 3541 699 3604 perque
715 3520 777 3583 sera
791 3523 869 3584 bella
883 3537 1041 3604 geruntur:

210 3612 253 3676 Et
266 3615 398 3701 sequitur
411 3616 494 3699 regni
508 3638 575 3702 pars
591 3632 799 3703 quotacunque
814 3620 879 3704 sui,
