2536 4252
180 391 241 453 146
473 397 820 450 urrauonrrrosnon

178 549 245 614 Nec
261 571 314 634 par
328 565 379 614 aut
393 571 499 613 canem
515 563 663 612 nocturnae
680 548 772 610 sonna
787 547 891 608 Dianae

178 648 254 710 Esse
270 662 368 732 potest
382 670 530 734 unquam:
554 642 730 731 seinperque
746 645 888 709 hodierna
901 658 1058 729 sequente,

179 745 211 809 Si
225 747 340 823 crescit,
355 748 450 809 minor
465 761 528 824 est;
550 745 653 830 major,
669 745 694 807 si
708 743 853 806 contrahit
872 743 985 816 orbern.
1018 745 1020 748 ’

223 844 327 918 Quid?
350 868 408 908 non
424 846 452 908 in
468 845 584 929 species
599 844 759 906 succedere
775 857 902 927 quatuor
916 863 1026 904 annum
1097 843 1160 904 too

179 944 329 1028 Adspicis,
345 945 435 1007 atatis
451 957 642 1030 peragentem
656 942 816 1005 inritamina
831 943 957 1004 nostre?

180 1040 259 1104 Nam
276 1056 368 1119 tener,
384 1055 415 1105 et
430 1043 552 1119 lactens,
568 1041 710 1125 puerique
725 1040 888 1102 simillimus
903 1060 966 1101 aevo

25 1144 28 1149 ’
70 1216 75 1222 1
181 1137 262 1202 Vere
278 1162 356 1203 novo
371 1155 426 1203 est.
471 1139 560 1202 Tunc
574 1139 666 1201 herba
680 1139 787 1215 nitens,
802 1152 833 1200 et
847 1137 957 1200 roboris
971 1156 1081 1219 expers

99 1236 103 1247 '
180 1237 306 1320 Turget,
319 1252 351 1300 et
363 1239 486 1301 insolida
501 1252 557 1315 est,
572 1251 602 1300 et
617 1258 670 1321 spe
686 1237 814 1299 delectat
828 1249 985 1319 agrestem.
1237 1320 1240 1324 .

180 1334 290 1399 Omnia
303 1351 367 1399 turn
383 1337 507 1414 florent3
530 1336 695 1419 florumque
710 1335 856 1398 coloribus
871 1334 965 1397 almus
1098 1334 1160 1397 145

180 1434 273 1497 Ridet
287 1457 373 1516 ager:
397 1457 494 1519 neque
509 1434 607 1497 adhuc
622 1434 712 1497 virtus
728 1433 755 1495 in
772 1433 921 1496 frondibus
936 1433 997 1495 ulla
1010 1445 1067 1495 est.

180 1530 300 1594 Transit
314 1533 343 1594 in
358 1532 517 1610 AEstatem,
533 1545 599 1616 post
615 1530 688 1609 Ver,
703 1532 847 1611 robustior
861 1532 984 1594 Annus:

181 1625 293 1714 Fitque
309 1631 411 1692 valens
421 1629 558 1715 juvenis:
581 1652 679 1715 neque
694 1631 774 1693 enim
789 1631 933 1694 robustior
946 1644 1016 1694 aetas
1066 1664 1068 1667 ·
1153 1617 1157 1624 ⁴

181 1728 263 1806 Ulla,
277 1751 334 1792 nec
349 1729 476 1807 uberior,
491 1751 559 1807 nec,
575 1751 638 1815 que
653 1727 747 1811 magis
762 1743 875 1807 aestuet,
890 1729 950 1791 ulla
965 1741 1020 1791 est.
1093 1722 1095 1727 ’

181 1828 305 1913 Excipit
319 1830 501 1907 Autumnus,
517 1831 612 1914 posito
623 1829 737 1892 servore
749 1829 880 1915 juvente
1098 1831 1161 1894 150

182 1926 328 2005 Maturus,
343 1928 492 2012 mitisque,
506 1928 582 1990 inter
592 1928 795 2014 juvenemque
810 1947 972 2012 senemque

181 2025 344 2111 Temperie
358 2027 483 2105 medius,
498 2026 604 2110 sparsis
620 2047 673 2110 per
686 2040 822 2109 tempora
836 2026 927 2089 canis.

181 2123 255 2187 Inde
270 2124 369 2188 senilis
384 2123 491 2187 Hiems
506 2126 632 2188 tremulo
647 2125 728 2187 venit
743 2124 859 2187 horrida
874 2146 980 2208 passu3

122 2241 124 2245 ·
181 2227 246 2286 Aut
259 2224 385 2307 spoliata
399 2245 479 2302 suos,
493 2236 553 2301 aut,
570 2245 643 2308 quos
658 2222 759 2300 habet,
773 2222 839 2285 alba
852 2223 985 2306 capillos.

182 2319 292 2384 Nostra
307 2343 425 2406 quoque
439 2322 570 2405 ipsorum
585 2342 712 2404 semper,
728 2321 889 2405 requieque
904 2321 967 2384 sine
980 2319 1052 2400 ulla,
1101 2323 1162 2384 155

182 2417 317 2503 Corpora
332 2434 501 2483 vertuntur:
524 2441 592 2496 nec,
608 2418 686 2505 quod
701 2404 863 2497 fuimusve,
874 2439 1024 2497 sumusve,

182 2516 257 2581 Cras
273 2519 392 2581 erimus.
437 2517 538 2581 lacuit
553 2518 648 2602 primd
662 2518 725 2580 sine
740 2518 850 2580 viribus
865 2516 958 2580 insons
1034 2504 1037 2512 ¹

123 2641 127 2645 ·
182 2613 259 2680 Mox
275 2615 452 2701 quadrupes,
467 2617 584 2701 rituque
598 2616 663 2679 tulit
677 2638 731 2678 sua
745 2615 877 2678 membra
892 2613 1035 2678 ferarum:

182 2712 389 2797 Paulatimque
405 2727 545 2792 tremens,
560 2727 590 2776 et
604 2714 735 2775 nondum
751 2713 863 2797 poplite
877 2713 962 2777 firmo

183 2809 334 2889 Constitit,
350 2810 454 2897 adjutis
470 2812 567 2895 aliquo
582 2812 737 2874 conamine
752 2811 859 2873 nervis.
1101 2811 1163 2874 loo

182 2907 257 2971 lnde
273 2909 374 2972 valens
390 2911 537 2994 veloxque
553 2908 624 2972 suit:
646 2909 834 2994 spatiumque
845 2907 977 2994 juvente

113 3042 121 3053 ·
182 3005 321 3069 Transit:
346 3021 386 3084 et,
402 3009 527 3070 emensis
542 3007 631 3069 medii
648 3006 920 3091 quoquetemporis
937 3006 1032 3084 annis,

167 3101 307 3179 ,Labitur
321 3105 448 3167 occidue
464 3126 518 3187 per
531 3107 586 3166 iter
599 3104 713 3167 declive
728 3119 866 3168 senectae.

185 3201 304 3264 Subruit
319 3202 381 3263 haec
397 3203 450 3264 aevi
465 3202 680 3286 demoliturque
695 3203 797 3286 prioris

184 3299 323 3364 Robora:
347 3300 458 3384 fletque
473 3299 567 3363 Milon
583 3300 689 3378 senior,
704 3302 773 3364 clun
788 3314 904 3384 spectat
918 3300 1019 3363 inanes
1077 3379 1078 3382 Ἴ
1100 3297 1162 3362 165

183 3397 264 3477 Illos,
280 3399 329 3482 qui
344 3399 459 3462 fuerant
473 3399 631 3461 solidorum
646 3399 725 3461 mole
741 3413 870 3462 tororum

184 3497 342 3560 Herculeis
356 3498 476 3575 similes,
490 3497 596 3559 fluidos
612 3497 742 3580 pendere
757 3497 894 3561 lacertos.

184 3593 255 3666 Flet
269 3617 397 3688 quoque,
411 3610 444 3659 ut
459 3596 488 3671 in
502 3595 626 3688 speculo
640 3616 726 3676 rugas
741 3595 878 3679 adspexit
893 3594 997 3674 aniles,
