2536 4252
58 408 61 415 ¹
145 384 207 445 164
354 395 357 403 ·
536 390 732 440 flaaomrrs

142 541 241 605 Omne
256 542 332 604 latus
346 554 429 603 terrae
443 540 535 623 cingit
549 561 641 603 mare.
687 538 798 604 Navita
810 561 976 626 nusquam:

151 684 155 691 -
185 639 277 703 Nulla
293 660 347 723 per
361 638 513 721 ambiguas
528 638 637 722 puppis
652 639 727 701 itura
742 638 814 702 vias.

143 738 240 819 Finge
256 738 316 799 dari
331 736 514 820 comitesque
530 736 614 814 mihi,
630 751 805 822 ventosque,
820 750 976 823 ratemque
985 758 996 815 ;

186 835 270 910 Quid
286 836 413 919 sequar?
458 838 608 897 Accessus
624 850 700 897 terra
715 848 840 919 paterna
853 848 953 919 negat.

143 933 187 997 Ut
202 949 263 996 rate
279 933 356 995 felici
372 946 476 1016 pacata
492 954 545 1016 per
560 955 676 1017 aequora
691 934 773 997 labar
781 955 791 1013 3
840 1002 846 1009 ,
1084 935 1126 997 65

184 1032 350 1115 Temperet
364 1044 397 1092 ut
412 1046 516 1092 ventos
531 1031 655 1109 AEolus;
678 1033 764 1106 exsul
778 1053 840 1095 ero.

143 1129 213 1193 Non
228 1151 285 1212 ego
300 1142 340 1207 te,
356 1127 461 1206 Crete,
476 1144 596 1191 centum
612 1130 725 1211 digesta
741 1152 794 1215 per
807 1131 907 1209 urbes,

188 1227 373 1311 Adspiciam,
389 1218 482 1312 puero
496 1228 613 1310 cognita
628 1242 704 1291 terra
719 1228 800 1292 Jovi.

144 1325 174 1390 N
176 1349 224 1389 am
240 1339 333 1410 pater,
349 1341 379 1389 et
392 1326 479 1389 tellus
489 1325 571 1411 justo
585 1341 706 1408 regnata
720 1327 849 1410 parenti,-

187 1424 308 1487 Prodita
322 1438 391 1488 sunt
407 1423 494 1501 sacto,
510 1424 628 1487 nomina
641 1447 719 1502 cara,
734 1447 814 1488 meo.

144 1520 226 1585 Cirm
243 1523 303 1598 tibi,
319 1543 356 1584 ne
374 1522 465 1585 vietor
479 1537 557 1584 tecto
571 1544 719 1585 morerere
734 1544 868 1601 recurvo,

188 1618 267 1694 Qua
282 1634 417 1702 regerent
432 1641 533 1704 passus
548 1642 601 1704 pro
616 1620 692 1683 duee
707 1621 756 1684 fila
771 1621 851 1684 dedi.

145 1716 228 1781 Cirm
242 1717 314 1780 mihi
329 1718 457 1796 dicebas,
473 1717 553 1780 ‘Per
567 1740 623 1800 ego
639 1719 702 1802 ipsa
717 1718 847 1802 pericula
858 1717 938 1803 juro,

188 1816 237 1878 Te
253 1814 327 1894 sore,
342 1816 414 1878 dum
428 1818 560 1879 nostrrim
575 1817 655 1880 vivet
670 1830 805 1902 uterque,
819 1816 941 1881 meam.²
1012 1858 1015 1862 ι

146 1911 301 1975 Vivimus:
324 1926 355 1975 et
368 1934 428 1975 non
443 1935 520 1991 sum,
534 1913 669 1992 Theseu,
685 1930 752 1979 tua:
776 1915 800 1978 si
815 1915 904 1979 modd
920 1914 1004 1994 vivis,
1083 1917 1129 1979 75

188 2010 339 2089 Foemina,
355 2009 463 2096 perjuri
478 2009 579 2074 fraude
594 2014 711 2096 sepulta
726 2014 790 2076 viri.

145 2107 198 2173 Me
214 2131 343 2195 quoque,
359 2109 418 2193 qua
431 2109 561 2189 fratrem,
575 2111 747 2191 mactisses,
762 2113 906 2196 improbe,
920 2110 1018 2176 elavit.

187 2208 287 2286 Esset,
303 2230 390 2293 quarn
406 2208 540 2287 dederas,
556 2211 759 2274 morte'soluta
774 2210 857 2274 fides.

144 2305 235 2370 Nunc
251 2328 307 2389 ego
322 2328 381 2368 non
396 2308 521 2384 tantiam,
538 2330 601 2392 quae
617 2330 682 2371 sum
698 2330 828 2391 passura,
843 2308 1000 2386 recordor3

189 2403 249 2466 Sed
265 2425 448 2489 quaecunque
463 2418 562 2488 potest
576 2405 636 2468 ulla
651 2406 751 2468 relicta
767 2406 839 2490 pati.
1083 2406 1130 2470 80

146 2503 316 2566 Occurrunt
331 2503 430 2565 animo
445 2503 588 2587 pereundi
602 2504 683 2567 mille
699 2505 813 2587 figura:

188 2600 331 2685 Morsque
346 2602 442 2663 minus
458 2623 564 2685 prena,
581 2603 669 2686 quim
685 2625 767 2666 mora
781 2602 895 2681 mortis,
909 2602 1010 2667 habet.

146 2699 215 2762 Jam
226 2698 291 2782 jam
304 2713 442 2760 venturos
458 2713 508 2762 aut
524 2700 591 2778 hiae,
608 2714 658 2762 aut
672 2701 806 2783 suspicor
820 2701 897 2779 illac,

190 2795 254 2870 Qui
269 2796 380 2859 lanient
395 2796 481 2858 avido
497 2796 609 2859 viscera
623 2797 723 2874 dente,
739 2797 836 2881 lupos,

148 2893 283 2958 Forsitan
299 2909 329 2956 et
344 2893 439 2957 fulvos
455 2895 542 2984 tellus
557 2896 615 2958 alat
630 2896 685 2958 ista
698 2897 810 2959 leones.
1083 2897 1128 2960 85

190 2990 269 3065 Quis
284 2991 349 3068 soit,
365 3013 402 3054 arr
418 2993 480 3056 haeo
494 3015 586 3056 saevas
601 2994 719 3077 tigridas
735 2995 829 3058 insula
843 2995 953 3058 habet?

147 3087 277 3152 Etsreta
293 3088 429 3150 dicuntur
442 3111 563 3171 magnas
578 3092 729 3174 expellere
745 3094 868 3176 phocas.

191 3183 275 3260 Quid
291 3199 371 3248 vetat
386 3200 416 3248 et
431 3186 542 3268 gladios
558 3209 612 3272 per
625 3190 700 3251 latus
716 3191 757 3252 ire
773 3194 896 3255 meum?

147 3285 280 3348 Tantim
294 3306 333 3346 ne
349 3284 454 3366 religer
468 3285 543 3348 duria
556 3287 674 3370 captiva
688 3289 813 3367 eateoi3

190 3384 220 3448 N
223 3406 279 3447 eve
293 3385 407 3448 traham
422 3384 508 3446 servit
521 3386 641 3468 grandia
656 3410 748 3471 pensa
760 3410 866 3452 manu:

148 3480 208 3545 cui
223 3496 308 3565 pater
322 3496 367 3545 est
381 3481 493 3561 Minos,
508 3484 555 3546 oui
571 3499 665 3548 mater
679 3486 737 3548 filia
751 3486 879 3551 Phoebi:

191 3575 343 3673 Quodque
358 3579 450 3664 magis
464 3580 595 3660 memini,
610 3604 674 3669 quae
690 3583 741 3646 tibi
756 3598 844 3669 pacta
857 3583 909 3649 sui.
