2536 4252
524 401 633 452 nnn
655 400 713 451 xv.
811 461 816 469 ,
1044 391 1103 453 ru
1204 462 1208 469 ,

129 551 295 637 Tyndaris:
319 565 350 615 et
364 573 476 629 secum,
491 573 545 615 cur
559 552 595 615 sit
609 551 653 613 bis
667 563 761 634 rapta,
775 548 907 635 requirit.

130 635 265 737 Tempus
280 650 359 714 edax
374 672 483 727 rerum,
498 664 601 734 tuque,
616 649 758 713 invidiosa
772 661 913 724 vetustas,
1045 651 1105 710 170
1123 702 1125 706 .

129 747 238 812 Omnia
252 749 416 813 destruitis:
441 749 600 832 vitiataque
616 747 752 810 dentibus
766 745 821 810 aevi

122 845 277 910 ¹Paulatim
291 845 374 910 lenti
387 846 558 910 consumitis
574 845 793 908 omnia'morte.

98 978 103 984 ·
170 943 220 1007 Ne
235 958 335 1008 tamen
349 944 446 1008 oblitis
461 944 499 1015 ad
513 957 624 1007 metam
639 943 759 1006 tendere
775 941 863 1025 longe

130 1041 340 1126 Exspatiemur
353 1043 455 1128 equis3
477 1042 599 1120 coelum,
614 1055 645 1104 et
659 1041 856 1126 quodcunque
871 1039 926 1102 sub
941 1039 991 1103 illo
1006 1052 1062 1117 est,

128 1138 270 1204 lmmutat
284 1141 402 1220 formas,
416 1129 575 1224 tellusque,
590 1154 620 1202 et
635 1139 774 1224 quicquid
789 1138 819 1201 in
833 1138 886 1201 illd
898 1152 955 1201 est.
1045 1139 1106 1202 175

130 1235 193 1304 Nos
209 1260 326 1322 quoque
342 1260 410 1322 pars
424 1238 538 1315 mundi,
555 1237 709 1323 (quoniam
724 1258 785 1299 non
799 1256 924 1319 corpora
936 1235 1043 1313 solbm,

130 1333 245 1398 Verbm
259 1335 348 1398 etiam
365 1336 499 1398 volucres
514 1334 617 1398 animae
633 1355 745 1411 sumus,
759 1333 850 1416 inque
864 1331 969 1410 ferinas

130 1431 293 1495 Possumus
307 1432 349 1496 ire
363 1432 478 1510 domos,
493 1430 703 1515 pecudumque
716 1431 883 1514 in'pectora
896 1426 1011 1513 condi,)
1124 1447 1129 1455 ·

131 1528 276 1614 Corpora,
292 1552 356 1616 quae
372 1530 484 1614 possint
498 1529 610 1593 animas
624 1528 761 1592 babuisse
775 1541 942 1613 parentum,
979 1531 981 1536 ’

129 1630 194 1692 Aut
208 1627 339 1707 fratrum,
354 1641 405 1693 aut
419 1628 517 1714 aliquo
526 1627 699 1714 junctorum
713 1625 935 1705 foedere-nobis,
1047 1626 1107 1691 teo

131 1727 195 1790 Aut
210 1726 362 1790 hominum
376 1726 468 1805 certe,
484 1740 547 1790 tuta
561 1747 628 1789 esse
643 1739 673 1789 et
687 1727 813 1790 honesta
826 1725 972 1789 sinaeus:
1100 1714 1102 1723 ’

128 1822 160 1887 N
161 1845 218 1887 eve
232 1823 396 1908 Thyesteis
408 1823 595 1888 cumulemur
608 1824 720 1888 viscera
733 1824 855 1888 mensis.

27 1978 31 1982 .
129 1921 232 1997 Qubm
247 1921 324 2000 male
339 1917 517 2001 consuescit,
533 1922 621 2008 quam
635 1943 668 1986 se
683 1923 766 2006 parat'
781 1921 831 1986 ille
844 1921 941 1986 cruori

128 2017 242 2105 Impius
256 2019 396 2099 humano,
411 2020 495 2086 vituli
509 2020 560 2106 qui
569 2004 691 2102 guttura
704 2020 800 2084 cultro

128 2117 277 2202 Rumpit;
299 2132 330 2182 et
344 2118 480 2183 immotas
495 2118 607 2202 praebet
621 2118 779 2199 mugitibus
793 2116 897 2182 aures!
1046 2117 1107 2182 185
1206 2143 1209 2148 ·

128 2215 192 2280 Aut
207 2217 257 2301 qui
272 2216 387 2300 vagitus
400 2215 510 2280 similes
525 2214 685 2299 puerilibus
699 2213 818 2278 badum

128 2312 280 2378 Edentem
289 2314 426 2400 jugulare
441 2327 540 2398 potest
548 2333 557 2391 ;
579 2326 631 2376 aut
644 2312 713 2376 alite
728 2312 820 2391 vesci,

128 2411 189 2476 Cui
203 2412 286 2476 dedit
301 2413 365 2496 ipse
379 2435 408 2476 cr
473 2413 481 2475 l
505 2423 647 2495 quantum
661 2423 717 2488 est,
732 2409 811 2494 quod
825 2409 901 2473 desit
916 2410 1022 2474 inistis

129 2509 181 2573 Ad
196 2503 318 2594 plenum
333 2507 463 2572 lacinus!
487 2506 546 2591 qud
560 2505 697 2576 transitus
712 2505 781 2570 inde
800 2507 935 2590 paratur!

172 2605 237 2679 Bos
253 2619 326 2685 aret,
341 2618 392 2669 aut
406 2618 533 2670 mortem
547 2603 708 2682 senioribus
723 2604 849 2690 imputet
862 2605 964 2670 annist
1045 2605 1108 2671 19⁰

129 2702 315 2768 Horriserum
328 2718 430 2768 contra
444 2701 564 2767 Borean
578 2702 642 2766 ovis
656 2723 738 2766 anna
750 2701 913 2768 ministret:

129 2801 232 2867 Ubera
247 2802 317 2865 dent
331 2815 434 2865 sature
449 2801 584 2864 manibus
599 2800 758 2884 pressanda
771 2800 906 2886 capellae.

128 2899 219 2963 Retia
232 2922 302 2963 cum
317 2899 441 2984 pedicis,
455 2899 636 2984 laqueosque
651 2911 787 2983 artesque
803 2897 919 2962 dolosas

128 2997 258 3061 Tollite:
272 3001 337 3061 ‘nec
352 2997 503 3066 volucrem
518 2995 630 3060 viscatis
642 2994 733 3060 sallite
748 2995 847 3080 virgi:

129 3094 197 3159 Nec
212 3094 370 3160 formidatis
384 3116 488 3159 cervos
502 3094 642 3159 includite
657 3093 770 3178 pinnis:
803 3104 812 3128 ⁸
1046 3095 1106 3158 195

129 3190 160 3255 N
162 3214 197 3255 eo
211 3193 307 3257 celate
320 3193 393 3271 cibis
406 3214 500 3256 uncos
514 3190 667 3255 fallacibus
682 3191 796 3255 hamos.
931 3182 934 3185 “

129 3287 261 3368 Perdite,
272 3290 296 3354 si
307 3311 366 3376 qua
375 3302 503 3353 nocent:
525 3289 628 3351 verbm
640 3289 705 3352 haec
716 3309 834 3374 quoque
850 3287 964 3372 perdite
979 3286 1105 3351 tantiam.

129 3386 193 3450 Ora
207 3401 314 3462 vacent
329 3386 436 3473 epulis,
451 3386 649 3471 alimentaque
663 3407 792 3468 congrua
806 3380 976 3470 carpant.'”
