2536 4252
160 397 222 467 140
247 393 251 396 ’
470 407 817 458 nrurnmonrnosnou

157 553 332 633 Decertare,
347 555 464 638 placct;
486 556 666 641 Tatiumque
682 558 824 620 accedere
838 580 940 641 regno.
979 622 983 630 x
1074 562 1133 626 155

199 652 358 716 Occiderat
373 654 488 732 Tatius,
505 656 680 739 populisque
695 669 808 739 aequata
823 656 947 734 duobus,

157 749 299 828 Romule,
311 751 377 836 jura
392 753 498 815 dabas:
523 753 619 836 positi
632 754 700 816 clun
715 754 828 816 casside
843 753 966 818 Mavors

156 847 280 910 Talibus
295 849 399 911 affatur
414 850 573 934 divirmque
589 851 800 934 hominumque
816 865 987 935 parentemt

158 945 312 1029 ‘Tempus
326 947 419 1024 adest,
435 949 558 1029 genitor,
576 947 736 1033 (quoniam
744 948 914 1011 fundamine
930 971 1037 1032 magno

157 1042 222 1105 Res
237 1042 375 1106 Romana
390 1045 478 1122 valet,
494 1067 550 1108 nec
566 1045 687 1128 praeside
702 1046 813 1129 pendet
827 1047 864 1109 ab
878 1045 954 1132 uno)
1073 1049 1135 1112 160

157 1139 292 1218 Praemia,
307 1163 371 1225 quae
387 1143 529 1225 promissa
543 1143 614 1204 mihi
629 1143 777 1226 dignoque
792 1144 906 1227 nepoti,
971 1194 974 1201 i

158 1235 290 1315 Solvere,
306 1253 337 1301 et
352 1239 481 1302 ablatum
496 1241 579 1303 terris
593 1241 745 1323 imponere
759 1241 849 1304 coelo.

156 1334 207 1397 Tu
222 1337 294 1398 mihi
308 1338 434 1400 concilio
449 1338 595 1421 quondam
613 1351 755 1421 praesente
771 1338 904 1417 deorum,

159 1432 254 1517 (Nam
269 1455 412 1512 memoro,
426 1436 608 1519 memorique
623 1435 722 1497 anirno
738 1435 786 1518 pia
802 1435 892 1498 verba
906 1436 1020 1523 notavi)

158 1530 274 1594 “Unus
289 1533 354 1608 erit,
370 1554 458 1615 quern
473 1548 505 1595 tu
520 1534 605 1595 tolles
620 1533 648 1595 in
663 1533 768 1595 caerula
782 1533 883 1610 coeli,''
1072 1536 1134 1598 165

157 1627 279 1691 Dixisti.
324 1628 404 1691 Rata
418 1630 455 1693 sit
471 1631 627 1695 verborum
639 1651 754 1693 summa
769 1631 908 1694 tuorum?
1201 1625 1206 1630 ⁴

60 1773 63 1780 .
162 1786 164 1791 ,
198 1727 315 1789 Annuit
329 1727 524 1811 omnipotens,
539 1742 569 1790 et
583 1727 709 1790 nubibus
723 1731 792 1791 aiira
805 1729 891 1791 caecis

157 1823 308 1902 Occuluit,
324 1826 491 1909 tonitruque
507 1839 537 1888 et
552 1824 665 1906 lulgure
682 1827 784 1888 terruit
798 1825 925 1890 Urbem.

157 1921 235 1996 Quae
251 1922 304 1985 sibi
320 1923 468 2006 promissae
483 1924 574 1985 sensit
588 1923 656 1986 data
669 1923 751 2006 signa
765 1924 884 2007 rapine,

157 2020 340 2104 Innixusque
355 2021 455 2098 hastae,
471 2042 586 2104 pressos
601 2035 719 2110 temone
734 2036 856 2085 cruento

157 2117 327 2202 impavidus
341 2119 512 2182 conscendit
525 2140 617 2202 equos
633 2118 792 2196 Gradivus,
807 2133 837 2182 et
852 2119 911 2182 ictu

158 2214 298 2278 Verberis
312 2217 474 2300 increpuit:
498 2239 681 2300 pronumque
697 2239 751 2300 per
765 2219 833 2279 ac'ru
848 2217 947 2301 lapsus

157 2312 299 2376 Constitit
313 2314 341 2377 in
356 2336 474 2377 summo
488 2315 632 2377 nemorosi
648 2315 723 2377 colle
739 2314 853 2377 Palati:

157 2409 408 2496 Reddenternque
423 2433 476 2474 suo
487 2411 549 2496 jam
564 2412 645 2494 regia
654 2410 722 2497 jura
737 2410 847 2484 Quiriti

156 2509 287 2572 Abstulit
302 2509 424 2572 Iliaden.
469 2509 588 2594 Corpus
603 2509 725 2573 mortale
742 2531 795 2593 per
811 2531 895 2572 auras
1072 2512 1133 2574 '175

156 2605 314 2689 Dilapsum
330 2621 451 2670 tenues:
475 2629 530 2670 ceu
546 2607 606 2670 latai
621 2609 760 2691 plumbea
774 2607 866 2670 lundd

156 2703 250 2768 Missa
264 2705 339 2767 solet
354 2704 451 2766 medio
467 2704 549 2786 glans
564 2706 745 2767 intabescere
760 2705 849 2769 coelo.

156 2801 286 2864 Pulchra
301 2801 377 2864 subit
393 2800 492 2878 facies,
508 2816 538 2863 et
553 2802 751 2885 pulvinaribus
767 2802 831 2865 altis

156 2898 292 2981 Dignior,
307 2913 338 2961 et
353 2899 446 2984 qualis
461 2898 582 2962 trabeati
598 2898 691 2962 sonna
705 2897 833 2974 Quirini.
875 2917 878 2925 ¹

198 2996 306 3060 Flebat
321 3011 353 3060 ut
367 2998 507 3059 amissum
521 2997 650 3082 conjux3
671 2997 740 3060 clun
755 2999 835 3080 regia
848 2997 930 3060 Juno

156 3095 215 3158 Irin
231 3096 266 3158 ed
284 3093 443 3157 Hersiliam
458 3094 639 3156 descendere
653 3095 746 3157 limite
761 3117 853 3175 curvo

156 3193 303 3276 Imperat:
327 3207 358 3256 ct
373 3213 472 3255 vacuae
489 3190 597 3254 suasio
611 3191 749 3254 mandata
764 3191 882 3255 referre.

156 3290 205 3353 ‘O
221 3305 251 3352 et
267 3291 304 3352 dc
319 3289 417 3366 Latii,
432 3310 451 3351 o
466 3289 549 3351 etde
564 3303 652 3371 gente
668 3287 778 3352 Sabinis

156 3388 355 3471 Praecipuu'm,
371 3400 513 3464 matrona,
529 3388 638 3465 decus3
660 3388 829 3470 dignissima
843 3387 916 3451 tanti

155 3486 239 3548 Antia
254 3485 343 3548 luisse
358 3485 422 3562 viri,
436 3483 547 3568 conjux
562 3506 640 3547 nunc
655 3507 720 3547 esse
735 3484 854 3559 Quirini
862 3507 871 3565 3

77 3612 79 3618 ¹
157 3582 235 3648 Siste
249 3597 315 3649 tuos
329 3583 434 3649 fletus:
457 3596 499 3662 et,
514 3581 538 3646 si
552 3582 605 3648 tibi
619 3603 690 3647 cura
704 3582 822 3647 videndi
