2536 4252
143 454 164 515 6
462 461 813 512 aanrnnonruosnon

144 613 288 697 Quasque
303 612 516 690 recondiderat,
532 612 700 696 Stygiisque
716 613 886 677 admoverat
900 614 1020 693 umbris,

147 713 331 775 Effodiuntur
345 733 427 795 opes,
443 711 621 774 irritamenta
635 712 788 774 malorum.
1055 716 1120 778 140

143 811 270 896 Jamque
285 832 396 872 nocens
411 809 528 886 serrum,
543 809 677 892 fenoque
689 809 844 872 'nocentius
859 831 962 872 aurum

146 909 333 972 Ptodierant:
356 908 452 992 prodit
466 909 587 984 bellum,
603 907 681 991 quod
697 921 807 991 pugnat
822 921 965 991 utroque;

143 1007 371 1092 Sanguinedque
386 1027 474 1068 manu
490 1006 662 1089 crepitantia
676 1006 807 1068 concutit
822 1026 912 1067 arma.

147 1105 262 1168 Vivitur
276 1126 315 1168 ex
330 1119 429 1188 rapto:
454 1125 513 1166 non
528 1103 635 1187 hospes
650 1103 686 1165 ab
702 1103 817 1186 hospite
832 1116 923 1180 tutus,

106 1261 112 1272 .
144 1204 212 1267 Non
227 1226 312 1268 socer
326 1224 344 1266 a
358 1201 485 1289 genero:
508 1201 626 1265 fratrum
643 1223 760 1286 quoque
775 1201 867 1285 gratia
882 1222 946 1265 rara
960 1215 1015 1264 est.
1056 1204 1118 1265 145

144 1303 279 1366 lmmiriet
294 1303 386 1365 exitio
401 1301 445 1364 vir
457 1300 601 1386 conjugis,
617 1301 665 1363 illa
682 1301 794 1363 mariti:

144 1400 253 1465 Lurida
267 1402 408 1464 terribiles
423 1400 547 1462 miscent
557 1399 677 1462 aconita
692 1419 842 1460 novercae:

146 1498 236 1561 Filius
251 1514 318 1560 ante
334 1499 412 1559 diem
429 1498 536 1580 patrios
552 1497 668 1580 inquirit
684 1498 712 1558 in
727 1517 829 1558 annos.

148 1596 233 1659 Victa
243 1596 323 1680 jacet
339 1595 456 1658 Pietas:
481 1609 510 1656 et
526 1594 606 1676 virgo
620 1595 700 1656 caede
716 1593 879 1672 madentes,
943 1613 945 1617 ’
1189 1671 1197 1685 ι

146 1693 256 1756 Ultima
270 1694 437 1770 coelcstrim,
452 1707 542 1755 terras
558 1693 670 1754 Astraea
686 1692 811 1776 reliquit.
1056 1696 1118 1758 150

187 1791 274 1855 Neve
289 1790 362 1854 soret
379 1793 460 1853 terris
474 1791 604 1854 securior
618 1790 723 1853 arduus
739 1791 847 1868 ether3

61 1957 63 1963 ,
146 1886 311 1952 affectasse
327 1888 421 1952 semnt
437 1909 559 1971 regnum
573 1889 695 1951 coeleste
711 1888 870 1972 Gigantas:

147 1988 274 2072 Altaque
288 2001 444 2069 congestos
458 1987 597 2049 struxisse
613 1986 650 2048 ad
664 1987 759 2049 sidera
777 2000 902 2049 montes.

143 2085 224 2148 Tum
240 2100 324 2169 pater
337 2086 522 2168 omnipotens
537 2087 626 2175 misso
641 2085 779 2170 perfregit
793 2084 960 2170 Olympum

144 2181 293 2261 Fulmina,
309 2198 339 2247 et
354 2184 482 2247 excussit
498 2183 633 2270 subjecto
647 2183 734 2246 Pelio
748 2183 867 2246 Ossam.
1056 2187 1120 2249 155

144 2279 259 2344 Obruta
272 2283 350 2344 mole
366 2282 420 2345 sui
433 2286 503 2346 crim
517 2304 641 2367 corpora
652 2283 712 2345 dira
723 2283 875 2367 jacerent3

144 2367 297 2442 Persusam
313 2381 406 2443 multo
421 2396 555 2445 natorum
569 2383 712 2464 sanguine
726 2380 851 2443 Terram

144 2476 301 2542 lncaluisse
317 2476 423 2556 serunt,
438 2479 625 2564 calidumque
641 2479 787 2543 animdsse
801 2497 956 2542 cruorem:

145 2574 195 2652 Et,
210 2598 248 2638 ne
263 2577 342 2638 nulla
358 2575 424 2638 serae
438 2577 533 2660 stirpis
548 2591 739 2640 monumenta
754 2590 916 2654 manerent,

144 2671 177 2734 ln
190 2671 295 2735 faciem
311 2675 430 2735 vertisse
448 2674 609 2735 hominum.
654 2674 714 2736 Sed
730 2689 760 2736 et
777 2674 825 2736 illa
839 2695 969 2758 propago

144 2767 355 2852 Contemptrix
366 2773 506 2852 superum
521 2788 663 2854 saevacque
679 2771 845 2834 avidissima
858 2773 956 2851 cardis,

145 2857 186 2929 Et
202 2866 330 2930 violenta
346 2866 415 2931 luit:
438 2868 527 2930 scires
542 2889 560 2930 e
575 2869 716 2951 sanguine
732 2884 826 2932 natos.

385 3121 508 3163 cronon
532 3123 566 3164 nr
588 3124 698 3165 curun
719 3123 880 3167 nostrus.
952 3101 954 3106 ’
1040 3130 1048 3142 ·

589 3331 598 3349 .
621 3287 691 3351 163.

188 3456 266 3531 Quae
281 3471 365 3541 pater
378 3471 410 3520 ut
426 3455 542 3519 summit
557 3457 628 3520 vidit
643 3459 796 3532 Saturnius
811 3478 889 3536 arce,

147 3554 287 3637 Ingemit:
311 3570 351 3635 et,
367 3555 444 3620 sacto
459 3555 588 3619 nondum
604 3557 722 3639 vulgata
740 3556 863 3636 recenti,

139 3651 242 3718 ‘Foeda
256 3654 415 3740 Lycaonio
429 3653 559 3718 reserens
572 3656 709 3720 convivia
723 3676 842 3731 meuse,
901 3704 906 3711 .
1059 3647 1120 3719 165
