2536 4252
452 413 520 462 ΜΒ.
538 412 585 462 IV.
617 413 755 463 anuum
777 414 811 464 X.

116 557 126 565 ’
146 561 233 645 Saepe
248 550 332 645 pater
346 562 430 638 dixit,
446 562 584 626 Studium
599 561 670 647 quid
685 563 787 626 inutile
800 565 920 628 tentas?

188 658 352 722 Maeonides
366 660 462 722 nullas
476 661 541 743 ipse
555 660 673 744 reliquit
687 682 772 744 opes.
891 720 894 726 ,
1014 737 1017 744 ⁴

145 755 249 820 Motus
264 780 344 820 eram
359 757 461 822 dietis:
484 771 607 842 totoque
622 749 898 838 Helieonerelioto,

187 855 322 919 Scribere
337 856 465 920 conabar
478 857 567 920 verba
580 856 677 919 soluta
690 856 796 920 modis.

146 953 259 1037 Sponte
274 955 329 1016 suia
343 975 480 1018 numeros
493 974 614 1018 carmen
629 948 767 1018 neriiebat
781 954 823 1018 ad.
832 967 935 1040 aptoat

188 1051 240 1128 Et,
256 1051 335 1135 qnod
350 1052 499 1115 tentabam
513 1052 623 1130 dicere,
638 1073 745 1115 versus·
754 1066 835 1117 erat:

146 1148 273 1227 Interea,
289 1151 378 1212 tacito
393 1171 479 1233 passu
494 1150 659 1213 labentibus
673 1150 768 1228 aunis,

188 1247 322 1309 Liberior
336 1246 414 1310 fratri
429 1261 557 1331 sumpta,
571 1247 714 1330 mihique,
729 1261 798 1330 toga
812 1261 878 1311 est:

146 1345 338 1430 Induiturque
353 1346 491 1408 humeros
506 1366 575 1408 oum
589 1345 650 1408 lato
665 1366 797 1429 purpura
810 1345 913 1409 clavo:

189 1443 230 1506 Et
245 1444 374 1505 studium
389 1443 483 1521 nobis,
498 1442 577 1528 quod
589 1439 645 1507 'suit
659 1441 739 1519 antia,
754 1456 866 1507 manet.

146 1539 274 1626 Jamque
290 1542 395 1604 decem
407 1540 473 1604 vite
487 1540 576 1604 frater
589 1539 791 1624 geminaverat
805 1561 908 1619 annos,

188 1639 269 1703 Crim
284 1641 378 1724 perit3
400 1651 431 1702 et
444 1639 525 1723 coepi
540 1653 622 1723 parte
636 1659 737 1701 carere
751 1638 822 1702 mei.

146 1737 292 1820 Cepimus
307 1752 337 1800 et
352 1751 460 1800 tenere
474 1737 586 1821 primos
598 1737 690 1799 atatis
704 1737 849 1813 bonor-en

188 1835 276 1920 Eque
292 1823 528 1920 viris'quondam
537 1855 605 1919 pars
618 1834 711 1898 tribua
724 1856 785 1898 una
799 1833 851 1899 sui.
958 1884 961 1890 -

145 1933 239 1998 Curia
253 1935 396 1998 restabat:
419 1933 498 1998 olari
511 1954 649 2013 mensura
661 1946 767 1997 coacta·
779 1946 843 1998 est:

187 2032 287 2117 Majus
302 2047 364 2096 erat
378 2030 483 2096 nostris
498 2031 607 2097 viribus
621 2031 694 2095 illud
707 2052 794 2094 onus.

146 2129 213 2194 Nec
228 2130 342 2213 patiens
356 2149 476 2211 corpus,
490 2149 547 2191 neo
561 2148 648 2191 mens
661 2127 716 2190 suit
730 2141 800 2210 apta
812 2125 921 2205 labori„

188 2227 386 2309 Sollicitaeque
400 2224 494 2306 fugax
507 2223 673 2287 ambitionis
686 2243 786 2287 araur:

146 2325 187 2388 Et
203 2337 305 2407 petere
319 2322 426 2387 Aonia
440 2321 604 2386 suadebant
617 2333 685 2385 tuta·
695 2340 809 2385 sorores
831 2361 835 2371 ·

187 2422 269 2499 Otia,
280 2421 393 2507 judicio
407 2441 526 2503 semper
539 2433 638 2483 amata
657 2439 737 2482 meo.

145 2521 304 2604 Temporis
319 2513 402 2583 illius'
408 2518 488 2583 colui
502 2516 622 2602 fovique
636 2518 759 2600 poetam

188 2617 333 2702 Quotque
349 2616 470 2680 aderaut
484 2629 579 2693 vates,
592 2615 678 2678 rebar
691 2612 800 2678 adema
809 2611 894 2676 deos.
908 2659 911 2664 -

146 2717 232 2800 Sapo
247 2737 315 2778 suas
330 2715 464 2778 volueres
478 2714 551 2800 legit
563 2713 636 2777 mihi
649 2711 786 2796 grandior
798 2731 874 2789 avo,
926 2752 930 2756 Α

187 2812 326 2898 Quaque
341 2827 430 2876 necet
443 2833 577 2896 serpena,
592 2832 657 2896 qua
667 2809 754 2895 juvet
768 2809 876 2887 herba..
885 2805 1001 2873 Maon.

145 2912 234 2996 Saepe
248 2934 317 2975 suos
331 2911 433 2975 solitus
446 2911 574 2975 recitare
584 2907 759 2992 Propertius
772 2907 858 2990 ignes
863 2927 874 2985 3

187 3011 260 3075 Jure
275 3009 409 3074 sodalitio
424 3008 474 3094 qui
487 3006 691 3093 mihijunotua
705 3018 778 3069 erat.

147 3113 289 3176 Ponticus
303 3110 417 3188 Hanno,
431 3109 549 3175 Bassus
563 3129 681 3194 quoque
693 3107 791 3171 clarus
805 3104 920 3185 I‘rimbo,

188 3211 298 3275 Dulcia
311 3209 464 3274 convictis
478 3207 611 3272 membra
624 3205 708 3270 suero
721 3205 792 3270 mai.

150 3307 189 3371 Et
203 3308 297 3370 tenuit
310 3321 424 3370 nostras
438 3325 611 3369 numerosus
625 3301 767 3367 Horatius
781 3322 867 3367 auras
876 3321 890 3379 3.

190 3404 274 3468 Dum
289 3403 354 3468 serit
370 3401 504 3467 Ausonia
516 3400 646 3466 earmina
658 3400 742 3465 onita
753 3399 829 3484 lyriz-

152 3501 305 3587 Virgilium
322 3502 382 3567 vidi
396 3502 527 3567 rantum:
549 3520 608 3565 nee
621 3519 721 3565 amaru
733 3497 856 3563 'libullo

188 3601 326 3694 Tempus
341 3597 674 3667 amiaiuasaadedtro
686 3616 773 3668 meu.
928 3636 933 3643 ·

449 3698 491 3762 16
873 3700 884 3741 i

1041 3343 1045 3350 a
