2536 4252
144 432 205 494 106
453 436 802 502 muramonruosnon

141 587 269 652 Pectore
284 589 312 651 in
329 609 409 650 arma
424 586 487 664 feri,
502 599 703 669 praetentaque
717 585 776 646 tela
791 585 910 660 leones;

142 686 193 751 Sic
206 688 256 749 ubi
271 708 303 749 se
320 687 414 749 ventis
430 685 586 747 admiserat
601 685 679 745 unda
694 683 810 760 coortis,

142 784 208 848 Ibat
223 785 252 846 in
267 805 348 846 arma
361 784 448 861 ratis3
470 783 624 865 multbque
639 797 701 844 erat
715 781 799 843 altior
813 780 879 843 illis.
973 776 980 787 ’

142 881 270 966 Jamque
285 882 383 944 labant
396 881 494 958 cunei,
509 880 690 964 spoliataque
705 879 834 960 tegmine
849 899 923 941 cere

142 978 234 1043 Rima
248 992 347 1062 patet;
370 980 542 1062 praebetque
559 978 634 1039 viam
650 976 784 1038 letalibus
799 975 895 1058 undis.

143 1075 226 1140 Ecce
240 1077 349 1139 cadunt
362 1076 434 1158 largi
449 1075 581 1139 resolutis
596 1074 721 1136 nubibus
736 1073 860 1136 imbres:
881 1064 883 1068 ⁸

143 1174 236 1259 Inque
252 1175 357 1238 fretum
371 1175 473 1237 credas
488 1188 583 1237 totum
597 1173 776 1236 descendere
790 1172 918 1235 coelum:

143 1271 238 1356 lnque
253 1273 354 1356 plagas
368 1273 436 1336 coeli
451 1271 643 1334 tumefactum
659 1269 837 1332 adscendere
852 1282 987 1352 pontum.

144 1367 221 1432 Vela
235 1371 354 1433 madent
369 1370 492 1446 nimbis;
515 1383 626 1432 etcum
642 1367 811 1430 coelestibus
826 1366 911 1429 undis

143 1461 302 1552 AEquoree
315 1469 473 1531 miscentur
488 1489 580 1551 aquae.
625 1465 718 1528 Caret
733 1465 847 1547 ignibus
862 1464 971 1540 aether;

101 1645 103 1649 .
144 1565 291 1649 Caecaque
306 1587 367 1627 nox
382 1565 522 1648 premitur
536 1564 663 1626 tenebris
678 1563 841 1646 hiemisque
856 1561 985 1650 suisque.

144 1663 313 1725 Discutiunt
328 1677 426 1724 tamen
441 1663 504 1739 has,
520 1661 709 1745 prebentque
724 1659 862 1723 micantia
875 1660 976 1722 lumen

143 1759 297 1822 Fulmina:
321 1760 465 1822 fulmineis
480 1759 635 1821 ardescunt
650 1758 762 1840 ignibus
777 1757 873 1820 undae.

143 1857 206 1920 Dat
221 1878 337 1940 quoque
347 1857 410 1941 jam
425 1856 514 1935 saltus
529 1857 603 1918 iutra
616 1877 689 1918 cava
704 1870 787 1919 texta
799 1855 903 1917 carine

143 1953 284 2016 Fluctus:
308 1968 348 2030 et,
364 1966 395 2015 ut
410 1953 504 2030 miles,
520 1975 642 2015 numero
657 1953 838 2037 prestantior
850 1951 941 2030 omni,

144 2049 224 2113 Ciam
239 2073 317 2134 saepe
333 2050 448 2114 adsiluit
464 2049 591 2113 defense
607 2051 752 2113 moenibus
766 2051 856 2127 urbis,

143 2148 204 2231 Spe
222 2149 330 2232 potitur
343 2148 481 2225 tandem3
503 2148 655 2232 laudisque
671 2168 812 2211 accensus
827 2168 926 2210 amore

144 2243 222 2308 lnter
236 2246 316 2308 mille
332 2246 419 2322 viros,
433 2267 549 2307 murum
565 2259 663 2307 tamen
678 2259 805 2327 occupat
818 2266 911 2309 uuus:
936 2302 939 2310 .

142 2342 192 2407 Sic
207 2345 256 2406 ubi
272 2342 424 2426 pulsarunt
438 2364 519 2406 acres
534 2343 624 2405 latera
639 2343 729 2405 ardua
742 2342 871 2420 fluctus3

143 2440 262 2504 Vastibs
278 2441 429 2524 insurgens
444 2441 564 2504 decime
580 2442 642 2519 ruit
651 2441 776 2524 impetus
792 2440 893 2503 undae:

141 2539 208 2621 Nec
224 2541 302 2623 prius
316 2540 426 2603 absistit
441 2539 545 2602 fessam
561 2561 731 2623 oppugnare
745 2540 887 2617 carinam,

142 2636 243 2711 Quam
261 2638 341 2699 velut
356 2637 384 2697 in
399 2651 491 2718 capte
508 2636 667 2699 descendat
681 2638 789 2699 moenia
805 2637 898 2700 navis.

142 2734 215 2797 Pars
231 2727 316 2816 igitur
330 2734 461 2795 tentabat
476 2733 572 2794 adhuc
588 2734 724 2795 invadere
741 2736 860 2817 pinum3
1053 2737 1114 2798 170

142 2831 216 2894 Pars
231 2831 316 2893 maris
331 2831 407 2893 intus
423 2844 494 2892 erat.
538 2830 702 2913 Trepidant
719 2832 795 2894 baud
810 2833 928 2914 segnibs
942 2853 1056 2910 omnes,

101 2966 104 2979 ι
142 2929 245 3003 Quam
260 2929 334 2990 solet
349 2929 427 3006 urbs,
442 2929 504 2990 aliis
520 2951 635 2991 murum
650 2926 825 2993 fodientibus
841 2932 936 3008 extra,

142 3027 243 3110 Atque
259 3027 320 3088 aliis
335 3047 461 3101 murum,
477 3027 632 3108 trepidare,
648 3029 814 3089 tenentibus
829 3028 917 3089 intus.

142 3124 252 3186 Deficit
268 3144 329 3184 ars:
353 3122 500 3205 animique
514 3123 640 3184 cadunt:
664 3125 845 3208 totidemque
861 3125 1007 3202 videntur,

143 3212 227 3296 Quot
243 3214 361 3283 veniant
376 3219 493 3296 fluctus,
508 3241 592 3282 ruere
608 3234 696 3305 atque
711 3221 870 3306 irrumpere
886 3237 1006 3285 mortes.
1054 3224 1113 3285 175

142 3318 210 3381 Non
227 3333 307 3382 tenet
322 3319 369 3380 hic
385 3318 546 3399 lacrymas:
570 3332 668 3402 stupet
683 3320 748 3383 lric:
773 3335 857 3384 vocat
873 3321 922 3383 ille
937 3321 1050 3399 beatos,

141 3415 261 3479 Funera
277 3439 349 3500 quos
364 3430 520 3478 maneant:
545 3417 592 3478 hio
609 3418 682 3480 votis
698 3440 806 3480 numen
822 3420 941 3482 adorat:
973 3466 975 3473 .

142 3512 327 3598 Brachioque
343 3515 379 3576 ad
394 3514 515 3591 coelum,
532 3515 609 3597 quod
626 3538 685 3577 non
702 3516 791 3593 videt,
806 3517 883 3579 irrita
898 3517 1005 3590 tollens

142 3610 243 3676 Poscit
257 3634 362 3696 opem:
385 3612 514 3676 subeunt
528 3612 568 3675 illi
583 3612 742 3698 fratresque
757 3635 941 3699 parensque;
