2536 4252
167 405 213 469 76
483 408 833 463 nmuauomuoseon
863 482 866 487 Α

168 532 312 648 Dumque
327 576 429 646 rogat3
451 584 505 647 pro
521 560 582 647 qua
595 574 688 645 rogat,
702 560 820 624 oceidit.
865 540 948 623 Orba
960 558 1071 624 resedit
1091 604 1096 609 -

169 660 334 725 Exanimes
350 663 426 724 inter
440 674 702 749 nateaunatasque,
718 659 890 742 virumque:
1087 659 1150 722 155
1243 705 1257 712 -

170 759 357 844 Diriguitque
372 760 481 822 malis·
512 757 619 821 Nullos
633 771 734 821 movet
748 778 819 820 aura
825 756 966 839 capillos.

169 857 205 920 ln
220 859 304 921 vultu
318 858 400 921 color
415 871 459 921 est
473 857 536 920 sine
551 856 712 939 sanguine:
735 855 847 918 lumina
860 853 974 917 moestis

170 955 256 1019 Stant
271 956 391 1019 immota
406 955 506 1038 genis:
519 954 601 1031 nihil
616 953 706 1016 estin
721 953 848 1036 imagine
863 951 933 1016 vivi.

169 1052 240 1136 Ipsa
256 1075 374 1138 quoque
391 1052 511 1116 interius
525 1074 595 1115 cum
610 1052 684 1115 duro
696 1051 798 1134 lingua
812 1051 913 1135 palato

169 1149 328 1234 Congelat,
344 1165 374 1215 et
389 1172 472 1214 vene
487 1150 630 1213 desistunt
644 1171 731 1234 pesse
745 1149 869 1213 moveri.
1087 1149 1151 1214 160

169 1246 236 1312 Nee
251 1249 331 1312 flecti
345 1248 461 1326 cervix,
475 1269 532 1311 nee
547 1247 666 1311 brachia
680 1247 805 1310 reddere
822 1260 934 1330 gestus,

169 1343 236 1409 Nec
251 1368 305 1434 pes
321 1347 362 1409 ire
377 1359 492 1431 potest:
515 1345 591 1409 intra
605 1367 724 1430 quoque
737 1345 850 1408 viscera
864 1366 970 1409 saxum
984 1356 1040 1409 est.

169 1441 239 1507 Flet
252 1458 364 1522 tamen,
379 1458 410 1508 et
424 1444 513 1507 validi
526 1444 708 1508 circumdata
722 1443 837 1507 turbine
852 1443 933 1507 venti

168 1538 204 1603 In
221 1542 345 1624 patriam
358 1554 443 1625 rapta
456 1555 519 1604 est:
541 1542 592 1604 ubi
606 1542 667 1604 fixa
680 1542 834 1604 cacumine
847 1541 964 1629 mentis⁸

112 1645 116 1654 ‘
168 1636 316 1723 Liquitur,
331 1653 362 1703 et
376 1639 522 1723 lacrymas
536 1639 698 1702 etiamnum
712 1661 858 1703 marmora
875 1651 1007 1704 manant.
1086 1639 1149 1703 165

240 1939 379 1998 amm,
401 1941 542 2001 nocua,
563 1897 764 2001 furtiuum,
785 1941 820 1985 ill
842 1942 922 1986 ΗΕΒ
944 1942 1079 1986 nunaut.

597 2164 627 2206 v.
645 2144 719 2207 620.

213 2321 262 2385 Ad
277 2336 402 2388 matrem
418 2324 555 2388 veniebat
568 2324 643 2409 Itys.
688 2324 773 2399 Quid
788 2325 890 2410 possit,
905 2326 943 2390 ab
958 2327 1009 2392 illo

168 2419 330 2485 Admonita
344 2434 406 2486 est:
429 2423 580 2508 oculisque
596 2437 682 2487 tuens
697 2423 866 2503 immitibus,
882 2425 952 2489 ‘Ah
972 2428 1066 2511 quda)

93 2575 96 2581 ,
168 2516 212 2581 Es
226 2517 329 2582 similis
341 2519 416 2603 patri
427 2521 446 2585 l’
469 2521 554 2585 dixit.
599 2519 667 2586 Nee
681 2522 766 2607 plum
780 2521 889 2603 locuta,

167 2614 267 2679 Tn'ste
283 2630 365 2700 parat
380 2617 511 2706 facinus;
533 2619 682 2704 tacitique
697 2630 840 2682 exastuat
854 2619 907 2683 irai.
963 2701 968 2711 .

210 2711 255 2776 Ut
270 2729 369 2776 tamen
385 2715 508 2778 accessit
522 2730 618 2793 natus,
634 2717 779 2802 matrique
793 2718 920 2782 salutem
1065 2719 1068 2726 ’
1086 2723 1148 2785 170

168 2809 289 2888 Attulit,
304 2825 335 2874 et
349 2813 446 2895 parvis
460 2814 584 2877 adduxit
598 2815 674 2877 eolla
688 2814 815 2893 lacertis,
1229 2805 1233 2812 ¹

168 2906 326 2993 Mixtaque
341 2909 487 2974 blanditiis
502 2912 661 2996 puerilibus
675 2913 777 2976 oscula
787 2912 906 2998 junxit;
1117 2995 1120 3001 Ι

167 3004 255 3069 Mota
269 3007 388 3090 quidem
403 3023 448 3072 est
462 3011 608 3092 genitrix3
630 3009 810 3096 infractaque
824 3011 955 3086 constitit
968 3011 1027 3075 ira:

168 3103 315 3188 invitique
328 3106 406 3168 ocull
421 3106 558 3190 lacrymis
574 3108 715 3170 maduere
729 3110 850 3172 coactis
888 3158 894 3171 .

168 3201 228 3265 Sed
244 3202 329 3265 simul
346 3225 385 3265 ex
400 3203 491 3266 nimia
505 3220 628 3269 matrem
644 3206 754 3289 pietate
770 3208 867 3271 labare
1085 3211 1146 3274 175

167 3299 277 3378 Sensit,
293 3302 330 3364 ab
345 3303 402 3365 hoc
418 3302 523 3365 iterum
539 3319 583 3367 est
598 3304 636 3367 ad
650 3305 747 3368 vultus
762 3327 846 3368 versa
860 3304 984 3384 sororis3

58 3471 60 3477 Ι
167 3396 261 3483 Inque
277 3400 373 3463 vicem
388 3414 525 3483 spectans
540 3403 652 3480 ambos,
668 3402 751 3465 ‘Cur
764 3402 1045 3489 admovetssinquit,

167 3502 176 3534 ‘
188 3496 276 3560 Alter
288 3498 442 3561 blanditias
454 3521 462 3577 ;
485 3501 569 3582 rapti
583 3493 756 3564 siletaltera
767 3501 887 3582 linguai?

167 3592 270 3667 Quam
285 3610 372 3660 vocat
386 3597 435 3661 hie
449 3610 584 3676 matrem,
598 3621 652 3662 eur
665 3621 724 3661 non
740 3612 826 3662 vocat
840 3598 889 3665 illa
902 3600 1054 3664 sororem?
