2536 4252
500 389 674 439 EPISTOLA
699 389 758 440 vll.

144 536 225 611 Quid
243 559 316 620 puer
330 538 488 616 Ascanius,
503 539 573 623 quid
588 538 619 601 di
633 539 769 602 merudre
784 539 928 623 penates?

95 692 100 699 .
185 634 303 718 Ignibus
319 650 436 719 ereptos
451 638 554 699 obruet
568 636 648 699 unda
663 637 746 700 deos.

143 733 203 796 Sed
218 755 316 817 neque
331 734 388 796 sers
403 748 520 796 tecum:
542 755 610 812 nec,
625 755 690 819 quae
704 734 787 813 mihi,
803 733 926 819 perfide,
936 732 1042 821 jactes,

185 830 362 894 Presserunt
377 832 514 894 humeros
528 853 611 894 sacra
625 844 767 917 paterque
782 847 859 896 tuos.

142 928 253 992 Omnia
267 929 414 992 mentiris:
437 951 493 991 nec
509 930 588 992 enim
603 944 654 992 tua
668 929 769 994 fallere
784 931 884 1015 lingue
1075 929 1118 993 75

77 1072 78 1075 ,
185 1026 292 1110 Incipit
307 1049 324 1089 a
338 1027 440 1104 nobis;
462 1028 614 1111 primaque
630 1026 744 1111 plector
758 1051 826 1112 ego.

143 1125 174 1187 Si
190 1148 310 1209 queres,
325 1126 375 1188 ubi
390 1126 427 1189 sit
437 1124 555 1189 sorrnosi
571 1140 665 1188 mater
678 1125 751 1191 liili:

185 1223 313 1300 Occidit,
330 1246 346 1286 a
362 1224 435 1286 duro
449 1224 515 1286 solu
525 1224 627 1287 relicta
642 1225 714 1286 vire.

143 1319 209 1385 Nec
224 1322 296 1384 mihi
310 1344 394 1391 mens
409 1322 497 1384 dubia
512 1336 567 1399 est,
582 1322 650 1406 quin
668 1337 697 1384 te
712 1336 763 1384 tuu
777 1322 897 1384 numina
912 1324 1064 1386 damnent.

185 1419 246 1482 Per
259 1442 350 1497 mare,
366 1442 420 1504 per
434 1435 524 1483 terras
538 1421 665 1504 septima
674 1419 768 1504 jactat
784 1421 888 1483 lrierns.
1075 1422 1118 1484 80

143 1517 223 1580 Diva
239 1540 355 1602 parens,
370 1518 526 1602 seniorque
542 1533 634 1602 puter,
650 1519 698 1601 pia
712 1519 824 1581 sarcina
838 1519 909 1597 nati,

185 1616 279 1699 Spem
294 1617 365 1678 mihi
381 1616 508 1679 mansuri
523 1617 577 1678 rite
592 1615 702 1678 dedere
718 1616 781 1679 viri.

143 1714 175 1777 Si
191 1713 245 1776 suit
259 1715 425 1792 errandum,
440 1735 543 1777 causas
558 1714 649 1777 habet
663 1735 743 1777 error
756 1715 914 1778 honestas:

184 1812 274 1874 Adde
289 1812 396 1889 fidem3
418 1812 500 1874 nulli
514 1827 597 1895 parte
612 1812 757 1896 pigendus
772 1812 837 1875 erit.

143 1909 240 1973 Durat
255 1909 284 1972 in
299 1923 477 1988 extremum,
493 1910 618 1994 viteque
633 1910 791 1973 novissima
805 1924 910 1974 nostre
1074 1912 1118 1975 85

185 2006 377 2092 Persequitur
391 2006 453 2086 sati,
468 2009 518 2092 qui
533 2008 588 2072 fuit
601 2009 681 2086 ante,
695 2024 790 2072 tenor.

143 2104 402 2169 Occiditintcrnas
417 2105 528 2191 conjux
543 2097 687 2169 mactatus
702 2107 738 2168 ad
755 2128 836 2170 aras:

186 2201 227 2266 Et
241 2204 360 2267 sceleris
374 2203 446 2266 tanti
461 2204 580 2287 premia
595 2200 683 2265 sruter
696 2204 797 2265 habet.

144 2300 238 2364 Exsul
253 2324 341 2386 ag0r3
363 2303 536 2386 cineresque
552 2302 614 2378 viri,
630 2301 813 2386 patriumque
829 2300 980 2386 relinquo:

185 2398 226 2464 Et
242 2401 317 2463 seror
331 2402 358 2462 in
376 2401 472 2477 duras,
488 2401 572 2462 hoste
587 2415 742 2483 sequente,
758 2400 830 2462 rins.
1076 2401 1118 2465 9⁰

141 2497 288 2580 Applicor
302 2498 423 2578 ignotis:
448 2497 586 2580 fratrique
601 2499 702 2580 elapsa
716 2496 861 2582 fretoque,

185 2593 279 2665 Quod
294 2594 345 2656 tibi
361 2594 477 2670 donavi,
493 2593 613 2677 perfide,
629 2594 709 2657 littus
724 2615 802 2658 erno.

142 2689 256 2752 Urbem
270 2690 426 2768 constitui3
447 2691 566 2776 lateque
581 2692 712 2775 putentia
725 2691 778 2755 fixi

185 2787 312 2867 Moenia,
326 2789 453 2853 finitimis
468 2789 609 2853 invidiosa
624 2791 707 2854 iocis.

143 2886 228 2950 Bella
243 2901 376 2952 tument:
399 2888 484 2952 bellis
499 2888 653 2973 peregrina
667 2903 697 2952 et
711 2888 833 2952 soemina
846 2901 960 2954 tentor:
1076 2891 1119 2957 95

141 3067 144 3072 ¹
186 2984 307 3069 Vixque
322 2986 409 3048 rudes
425 3001 524 3070 portas
538 2986 627 3065 urbis,
641 3001 672 3050 et
686 3008 777 3065 erma,
794 3008 877 3072 paro.
924 3025 928 3032 ·

143 3083 227 3146 Mille
243 3084 339 3168 procis
354 3084 469 3169 placui:
493 3085 543 3170 qui
556 3107 605 3148 me
619 3086 731 3164 coidrc,
746 3099 914 3170 querentes,

184 3180 296 3245 Nescio
311 3203 400 3266 quem
414 3183 548 3246 thalamis
564 3183 756 3268 preposuisse
771 3183 842 3247 suis.

144 3277 227 3352 Quid
242 3279 357 3342 dubitas
372 3279 501 3343 vinctim
517 3279 636 3344 Gaetulo
650 3281 766 3344 tradere
780 3281 895 3346 ltrbae?

186 3377 367 3440 Praebuerim
381 3377 485 3441 sceleri
499 3378 731 3468 brechiunnstrn
744 3393 805 3444 tuo.
850 3398 858 3408 ‘
1058 3380 1142 3453 100,

144 3473 199 3537 Est
214 3476 304 3537 etiarn
318 3474 423 3554 frater3
445 3474 529 3561 cujus
544 3497 649 3540 manus
664 3477 754 3563 impia
770 3477 864 3563 possit

186 3571 334 3658 Respergi
349 3587 459 3653 nnstro,
474 3595 576 3660 sparsa
593 3595 697 3639 cruore
712 3575 776 3639 viri.
