2536 4252
566 406 674 456 nnana
692 406 714 456 r.
834 394 837 401 '
989 445 995 450 .
1086 402 1122 460 lt

150 551 260 618 Hostes
275 576 398 641 quaeque
413 577 491 618 suos
536 556 632 619 Arnor
646 570 691 620 est
705 540 778 619 mihi
792 578 881 619 causa
896 556 1049 640 sequendi.
1097 613 1102 620 .

149 650 204 714 Me
218 652 375 716 miserum!
397 675 436 716 ne
450 675 544 737 prona
557 654 656 730 cadas,
672 654 829 736 indignave
844 655 910 717 laedi

149 748 246 812 Crura
259 765 361 815 secent
374 765 490 828 sentes;
513 765 543 814 et
558 752 612 813 sim
627 752 680 814 tibi
694 773 784 814 causa
799 752 915 814 doloris.
949 771 953 776 ’
1059 755 1123 817 460

148 848 276 931 Aspera,
292 849 352 933 quir
366 870 516 933 properas,
531 850 596 912 loca
603 863 688 911 sunt.
732 848 925 926 Moderatiirs,
941 872 1003 929 oro,

149 939 255 1022 Curre,
270 946 427 1032 fugamque
442 948 558 1011 inhibe:
580 947 758 1010 moderatius
772 947 909 1031 insequar
923 948 997 1031 ipse.

149 1043 208 1107 Cui
223 1047 351 1129 placeas
366 1046 478 1131 inquire
493 1061 604 1110 tamen.
648 1045 718 1109 Non
733 1046 829 1109 incola
842 1047 959 1124 montis,

148 1140 217 1205 Non
234 1164 289 1224 ego
304 1165 370 1205 sum
384 1158 499 1228 pastor:
522 1166 581 1206 non
597 1144 645 1207 hic
660 1158 803 1223 armenta,
817 1167 959 1227 gregesve

148 1226 292 1302 Horridus
307 1242 441 1304 observo.
486 1241 782 1318 Nescis,'temeraria,
797 1242 893 1304 nescis
1059 1245 1122 1307 465

149 1335 251 1409 Quem
267 1337 376 1420 fugias:
400 1339 525 1421 ideoque
540 1338 624 1420 sugis.
669 1338 747 1401 Mihi
761 1339 912 1422 Delphica
927 1335 1024 1418 tellus,

148 1434 189 1496 Et
205 1433 321 1512 Claros,
336 1450 366 1498 et
380 1435 534 1511 Tenedos,
548 1435 740 1518 Patareaque
755 1436 835 1518 regia
849 1437 949 1499 servit.

147 1530 264 1615 Jupiter
278 1546 322 1596 est
336 1533 460 1614 genitor.
504 1532 566 1594 Per
579 1554 639 1610 me,
655 1533 734 1616 quod
749 1534 873 1619 eritque,
888 1533 1012 1620 fuitque,

148 1628 272 1713 Estque,
288 1644 386 1712 patet:
412 1652 466 1719 per
480 1652 528 1692 me
543 1630 722 1694 concordant
736 1632 864 1694 carmina
878 1634 986 1696 nervis.

147 1726 238 1790 Certa
255 1728 373 1811 quidem
389 1743 486 1792 nostra
501 1741 562 1791 est:
585 1727 685 1791 nostrai
699 1743 798 1791 tamen
814 1751 872 1792 una
885 1730 992 1814 sagitta
1059 1733 1123 1794 470

147 1824 273 1904 Certior,
288 1825 318 1888 in
334 1848 428 1889 vacuo
443 1848 507 1912 quae
521 1827 642 1915 vulnera
657 1840 776 1911 pectore
791 1826 871 1891 fecit.

147 1922 304 1989 Inventum
318 1925 464 1988 medicina
478 1947 579 1987 meum
594 1939 656 2003 est3
678 1925 829 2010 opiferque
844 1948 898 2010 per
911 1928 1011 1990 orbem

149 2021 241 2106 Dicor
249 2045 257 2100 ;
280 2036 310 2086 et
324 2023 480 2086 herbarum
494 2023 628 2108 subjecta
642 2023 774 2106 potentia
788 2024 882 2086 nobis.

147 2119 207 2184 Hei
220 2121 302 2200 mihi,
318 2120 398 2205 qudd
411 2122 497 2184 nullis
512 2143 595 2184 amor
608 2135 653 2183 est
667 2121 847 2184 medicabilis
862 2121 977 2186 herbis:
1023 2200 1026 2208 Ι

75 2208 79 2216 ’
145 2217 213 2282 Neo
227 2234 349 2303 prosunt
363 2219 493 2297 domino,
509 2241 572 2303 quae
586 2232 708 2303 prosunt
722 2219 869 2297 omnibus,
883 2233 960 2282 artes
970 2220 989 2283 l'
1056 2222 1121 2284 475

145 2317 235 2380 Plura
250 2320 416 2381 locuturum
431 2318 533 2381 timido
548 2318 663 2380 Peneia
676 2338 762 2380 cursu

145 2415 254 2497 Fugit3
276 2438 404 2499 cumque
419 2417 483 2499 ipso
498 2417 587 2479 verba
601 2414 773 2498 imperfecta
787 2415 914 2498 reliquit.

187 2512 231 2575 Ut
246 2514 327 2575 canis
342 2514 371 2574 in
386 2534 481 2574 vacuo
495 2514 627 2594 leporem
642 2513 710 2574 curn
725 2511 859 2574 Gallicus
874 2533 945 2574 arvo
1027 2596 1029 2600 Ι

148 2609 230 2673 Vidit
239 2631 248 2686 ;
270 2624 301 2672 et
315 2610 363 2672 hic
379 2609 507 2693 praedam
523 2609 647 2692 pedibus
662 2609 746 2693 petit,
763 2609 811 2672 ille
826 2611 969 2673 salutem:

145 2709 232 2771 Alter
246 2708 388 2771 inhaesuro
402 2708 512 2784 similis,
523 2706 586 2792 jam
597 2705 719 2792 jamque
735 2722 835 2771 tenere
1056 2711 1121 2774 480
1177 2736 1180 2740 “

144 2807 261 2891 Sperat,
276 2819 307 2869 et
321 2818 443 2869 extento
456 2805 570 2889 stringit
586 2806 707 2888 vestigia
721 2820 830 2870 rostro:

144 2906 230 2968 Alter
244 2905 273 2967 in
288 2904 425 2986 ambiguo
440 2918 495 2982 est,
511 2926 548 2966 an
562 2905 599 2966 sit
613 2903 785 2988 deprensus,
801 2916 831 2966 et
846 2903 917 2988 ipsis

143 3002 291 3067 Morsibus
307 3003 438 3085 eripitur,
452 3002 660 3085 tangentiaque
674 3023 725 3064 ora
739 3000 893 3086 relinquit:
965 3056 967 3061 Α

54 3162 60 3169 .
87 3142 93 3158 =
142 3102 192 3166 Sic
207 3103 290 3179 deus,
305 3115 336 3165 et
351 3103 432 3184 virgo
447 3114 510 3165 est:
533 3101 582 3163 hic
597 3121 651 3184 spe
665 3102 755 3178 celer,
770 3100 819 3163 illa
833 3101 947 3165 timore.

143 3201 206 3274 Qui
222 3185 320 3262 tanien
338 3201 509 3284 insequitur,
524 3199 629 3283 pennis
644 3198 761 3284 adjutus
776 3199 896 3263 Amoris
1056 3202 1118 3265 485

143 3299 234 3361 Ocior
248 3312 302 3375 est,
317 3299 508 3382 requiemque
525 3310 629 3379 negat:
652 3310 793 3381 tergoque
808 3296 906 3379 sugaoi

145 3397 299 3472 lrnrninet3
322 3411 351 3458 et
367 3397 478 3459 crinem
493 3416 624 3479 sparsum
639 3395 802 3457 cervicibus
816 3395 906 3458 afflat.

187 3495 305 3558 Viribus
320 3494 459 3557 absumtis
474 3493 617 3576 expalluit
632 3493 697 3556 illa:
720 3493 844 3576 citaeque

147 3595 232 3657 Victa
246 3595 345 3656 labore
361 3592 447 3676 suge,
461 3605 598 3675 spectans
613 3590 763 3654 Peneidas
778 3589 884 3667 undae,

441 3689 489 3753 2*
