2536 4252
558 419 667 469 LIBER
683 419 729 470 lv.

157 569 292 633 Volvitur
306 569 410 633 Ixion:
434 581 511 633 etse
525 570 715 655 sequiturque
731 567 874 654 fugitque.

155 667 312 752 Molirique
327 668 387 730 suis
401 668 495 731 letum
510 668 690 752 patruelibus
702 689 789 745 ausae,

152 767 294 829 Adsiduae
309 758 458 850 repetunt,
474 788 545 850 quas
561 767 696 851 perdant,
712 765 834 828 Belides
849 766 953 828 undas.

86 888 92 897 ’
153 864 240 938 Quos
255 887 359 928 omnes
374 865 438 928 acie
454 877 610 948 postquam
626 864 763 927 Saturnia
777 863 862 926 torvi
890 945 898 954 ι

153 961 247 1040 Vidit,
263 976 294 1026 et
309 977 376 1026 ante
392 984 496 1025 omnes
511 962 617 1025 lxiona
626 983 634 1040 ;
656 984 754 1025 rursus
769 963 807 1024 ab
822 962 872 1026 illo
1070 962 1131 1028 145

65 1119 67 1123 ,
153 1061 305 1145 Sisyphon
320 1060 497 1145 adspiciens,
513 1060 597 1125 ‘Cur
611 1061 660 1124 hic
676 1082 692 1124 e
709 1060 865 1136 fratribus,'
881 1059 986 1144 inquit,

152 1159 336 1244 ‘Perpetuas
350 1161 460 1244 patitur
474 1181 598 1244 poenas;
620 1159 804 1222 Athamanta
817 1159 978 1242 superbum

152 1257 250 1340 Regia
266 1259 348 1321 dives
363 1259 473 1322 habet:
497 1259 547 1341 qui
562 1279 611 1319 me
626 1279 696 1320 cum
710 1257 836 1341 conjuge
852 1278 971 1339 semper

152 1358 272 1439 Sprevit
282 1357 303 1418 ?’
327 1370 357 1419 et
372 1357 496 1438 exponit
511 1376 614 1417 causas
629 1355 748 1437 odiique
765 1355 896 1437 viaeque;

153 1454 296 1537 Quidque
313 1454 394 1515 velit.
441 1452 534 1526 Quod
550 1452 651 1529 vellet,
666 1465 738 1528 erat,
754 1473 792 1513 ne
808 1451 888 1533 regia
902 1450 1012 1515 cadmi
1072 1453 1133 1517 150

153 1552 269 1627 Staret3
293 1565 323 1614 et
337 1552 366 1614 in
382 1549 495 1613 facinus
511 1550 658 1613 traherent
671 1549 858 1611 'Athamanta
871 1571 996 1612 sorores.

121 1642 124 1649 ’
155 1649 326 1732 imperium,
342 1648 494 1732 promissa,
510 1669 614 1731 preces
628 1647 782 1710 confundit
796 1648 826 1710 in
840 1670 951 1711 unum:
983 1701 985 1704 .

113 1780 120 1791 =
153 1747 355 1832 Sollicitatque
372 1747 454 1810 deas.
499 1747 549 1810 Sic
564 1747 628 1809 haec
642 1745 761 1809 Junone
777 1747 896 1824 locuti,

144 1846 318 1929 'Tisiphone
333 1867 434 1922 canos,
449 1858 482 1914 ut
497 1857 569 1922 erat,
584 1845 700 1907 turbata
714 1844 836 1932 capillos

151 1943 267 2006 Movit:
292 1958 322 2007 et
337 1944 487 2007 obstantes
501 1938 604 2028 rejecit
620 1944 657 2005 ab
672 1963 723 2005 ore
738 1943 884 2006 colubras.
1071 1945 1133 2008 155

152 2042 254 2126 Atque
269 2042 320 2118 ita,
336 2041 424 2105 ‘Non
440 2042 534 2124 longis
550 2063 625 2125 opus
640 2055 686 2104 est
701 2042 892 2124 ambagibus,'
908 2042 981 2105 infit.

133 2169 135 2173 ⁷
152 2140 197 2203 ‘F
200 2155 265 2203 acta
280 2155 362 2225 puta,
379 2163 561 2224 quecunque
574 2140 680 2225 jubes:
704 2140 861 2202 inamabile
875 2162 999 2223 regnum

152 2239 285 2302 Desere:
309 2253 400 2324 teque
414 2237 492 2302 refer
507 2239 575 2302 coeli
591 2237 719 2301 melioris
734 2238 772 2301 ad
787 2238 893 2300 auras?
1002 2267 1005 2270 ·

194 2338 278 2401 Lata
293 2338 368 2400 redit
383 2336 480 2401 Juno:
505 2359 593 2421 quam
609 2337 720 2401 coelum
736 2337 842 2400 intrare
858 2351 1011 2421 parantem

152 2435 271 2499 Roratis
281 2436 420 2498 lustravit
436 2436 519 2520 aquis
534 2435 748 2496 Thaumantias
763 2435 828 2497 Iris.
1002 2450 1005 2456 “
1073 2435 1134 2498 160

194 2533 223 2596 N
227 2535 262 2594 ec
277 2553 377 2607 mora3
400 2531 567 2613 Tisiphone
582 2530 778 2593 madefactam
793 2530 935 2612 sanguine
949 2531 1039 2594 sumit

152 2630 327 2713 lmportuna
341 2629 455 2692 facem:
479 2628 630 2713 fluidoque
645 2615 748 2690 cruore
763 2629 920 2691 rubentem

98 2772 100 2779 »
152 2727 286 2791 induitur
301 2728 424 2811 palla1n3
446 2740 582 2810 tortoque
597 2727 754 2809 incingitur
764 2748 874 2811 angue:

152 2826 369 2910 Egrediturque
385 2826 485 2888 domo.
531 2825 646 2887 Luctus
660 2826 838 2893 comitantur
852 2841 985 2905 euntem,

152 2924 193 2989 Et
209 2924 318 3002 Pavor,
334 2938 365 2987 et
379 2924 500 3002 Terror,
515 2924 691 3008 trepidoque
707 2923 827 2988 Insania
842 2926 938 2998 vultu.
993 2954 996 2961 <
1074 2928 1135 2992 165
1243 2984 1251 2997 .

152 3023 269 3087 Limine
284 3024 470 3087 constiterat:
495 3036 595 3107 postes
610 3023 764 3086 tremuisse
779 3023 912 3088 seruntur

153 3121 261 3199 AEolii3
285 3122 437 3206 pallorque
453 3121 529 3185 soies
544 3122 645 3185 infecit
660 3143 799 3186 acernas:

152 3221 264 3304 Solque
279 3221 379 3283 locum
394 3220 478 3302 sugit.
523 3219 665 3283 Monstris
680 3221 820 3284 exterrita
834 3221 957 3308 conjux,

152 3318 286 3381 Territus
303 3332 347 3381 est
362 3318 526 3381 Athamas:
550 3332 689 3402 tectoque
705 3319 786 3381 exire
801 3321 955 3403 parabant.
1176 3395 1180 3400 ¹

152 3417 275 3480 Obstitit
290 3417 404 3495 infelix,
421 3416 592 3500 aditumque
608 3417 733 3494 obsedit,
750 3417 898 3502 Erinnys:
1008 3455 1012 3457 >
1075 3422 1135 3483 ΠΟ

152 3515 300 3600 Nexaque
316 3515 443 3600 vipereis
458 3515 628 3579 distendens
642 3506 763 3579 brachia
777 3517 873 3594 nodis,

152 3613 315 3680 cesariem
329 3614 471 3680 excussit.
515 3613 608 3679 Mota
623 3614 750 3679 sonuere
764 3615 909 3680 colubra:

410 3714 431 3776 5
