2536 4252
541 384 648 433 LIBER
664 385 724 434 Vll.

187 535 305 597 AEsonis
320 536 453 597 silletum
470 534 590 619 proferri
604 557 712 618 corpus
727 535 765 597 ad
780 557 843 598 aras

147 633 162 695 J
167 633 252 695 ussit:
277 646 308 695 et
324 633 351 695 in
368 634 470 715 plenos
486 633 646 695 resolutum
660 634 789 697 carmine
805 656 934 714 somnos,

147 731 285 794 Exanirni
300 731 436 808 similem,
451 731 546 793 stratis
560 732 692 815 porrexit
706 731 736 794 in
755 732 862 794 herbis.
1077 733 1121 797 80

145 828 225 892 Hinc
241 831 341 913 procul
359 829 532 908 AEsoniden,
547 830 649 914 procul
664 830 733 893 hinc
743 829 829 915 jabet
843 831 885 893 ire
899 830 1062 896 ministros:

145 927 186 990 Et
202 942 304 991 monet
318 930 430 992 arcanis
444 929 554 991 oculos,
561 950 713 992 removere
728 928 876 1013 profanos.

144 1026 313 1108 Diffugiunt
323 1027 408 1112 jussi.
453 1027 568 1110 Sparsis
582 1025 694 1090 Medea
708 1027 821 1111 capillis
872 1024 896 1041 ''

144 1124 351 1186 Bacclrantdm
366 1125 421 1187 ritu
438 1125 593 1207 flagrantes
607 1126 710 1189 circuit
725 1147 806 1188 aras:

144 1219 366 1305 Multifidasque
381 1221 460 1284 saces
475 1221 504 1283 in
520 1221 599 1284 sossai
612 1223 760 1304 sanguinis
775 1221 838 1285 atral

143 1318 263 1399 Tingit:
288 1333 317 1380 et
333 1318 468 1380 intinctas
483 1319 606 1399 geminis
621 1320 756 1380 accendit
771 1319 800 1380 in
816 1319 892 1380 aris-

144 1416 266 1498 Terque
282 1437 384 1477 senem
399 1414 531 1492 flammai,
547 1428 591 1477 ter
605 1416 693 1499 aquia,
708 1429 753 1478 ter
767 1414 876 1479 sulfure
890 1416 1003 1480 lustrat.

145 1513 262 1574 Interea
277 1512 406 1577 ualidum
422 1513 519 1596 posito
533 1513 718 1576 medicamen
735 1517 811 1576 a'efno

145 1609 275 1688 Fervet3
298 1625 328 1673 et
342 1612 492 1689 exsultat;
511 1611 681 1696 spumisque
696 1613 877 1676 tumentibus
891 1614 981 1678 albet.

144 1708 209 1772 Illic
224 1708 381 1772 Haemoniai
395 1705 507 1772 radices
522 1710 598 1773 valle
614 1724 752 1788 resectae,
1078 1715 1121 1778 90

66 1822 69 1827 ·
144 1807 335 1891 Seminaque,
349 1807 505 1893 floresque,
521 1821 552 1870 et
567 1829 670 1872 succos
685 1809 815 1893 incoquit
830 1831 924 1873 acres.

143 1905 255 1991 Adjicit
270 1919 405 1970 extremo
419 1906 532 1990 lapides
547 1906 671 1970 Oriente
688 1908 807 1991 petitos,
917 1917 919 1920 ’

144 2002 195 2081 Et,
211 2025 283 2088 quas
299 2003 414 2068 Oceani
429 2005 556 2068 refluum
571 2027 651 2069 mare
666 2005 748 2084 lavit,
763 2027 877 2070 arenas.

144 2101 238 2164 Addit
252 2116 282 2163 et
297 2116 440 2186 exceptas
455 2103 546 2166 Lunai
560 2117 700 2187 pernocte
716 2104 845 2187 pruinas.

144 2198 199 2262 His
215 2213 246 2261 et
260 2200 339 2264 millo
355 2200 417 2262 aliis
433 2214 589 2285 postquam
603 2201 667 2263 sine
682 2202 801 2263 nomine
819 2202 906 2265 rebus
1077 2204 1120 2270 95

144 2292 333 2380 Propositum
348 2299 484 2361 instruxit
498 2299 617 2362 mortari
631 2299 754 2362 barbara
768 2322 895 2381 munus3

143 2395 248 2457 Arenti
263 2412 345 2458 ramo
355 2395 533 2480 jampridem
548 2397 625 2459 mitis
640 2398 724 2460 olivae

143 2492 254 2556 Omnia
267 2491 439 2569 conlundit;
461 2495 641 2577 summisque
656 2495 814 2558 immiscuit
827 2495 897 2559 ima.

144 2589 225 2651 Ecce
242 2603 326 2652 vetus
340 2589 436 2653 calido
450 2604 582 2653 versatus
597 2592 688 2675 stipes
703 2595 780 2656 aeno

143 2686 194 2749 Fit
209 2687 306 2750 viridis
321 2687 434 2772 primd3
457 2710 513 2752 nec
528 2689 617 2772 longo
631 2703 765 2774 ternpore
780 2690 914 2756 srondem
1059 2698 1121 2761 100

143 2785 260 2863 lnduit3
283 2800 313 2849 et
328 2784 424 2848 subitb
439 2787 566 2869 gravidis
580 2802 718 2851 oneratur
731 2788 826 2853 olivis.

143 2884 187 2946 At
202 2883 381 2969 quacunque
396 2906 472 2949 cavo
486 2907 606 2970 spumas
621 2885 709 2972 ejecit
723 2890 800 2950 a'e'no
842 2951 849 2958 ,

142 2981 232 3063 Ignis,
248 2997 278 3046 et
292 2983 321 3045 in
336 2997 444 3046 terram
459 2997 548 3066 guttae
563 2985 699 3048 cecidere
712 2985 862 3064 calentes3

143 3079 257 3143 Vernat
272 3081 396 3143 humus:
420 3081 577 3166 floresque,
593 3095 623 3146 et
638 3083 737 3145 mollia
751 3084 859 3167 pabula
873 3099 1005 3168 surgunt.

143 3176 236 3251 Quod
250 3178 336 3251 simul
351 3200 386 3242 ac
402 3179 474 3242 vidit
483 3200 492 3256 ;
514 3181 614 3244 stricto
628 3179 741 3244 Medea
751 3183 879 3246 recludit
999 3188 1002 3196 ’
1059 3186 1120 3249 105

142 3274 225 3338 Ense
240 3277 317 3338 senis
330 3275 486 3361 jugulum:
511 3291 702 3362 veteremque
717 3281 799 3343 exire
814 3262 948 3344 cruorem

108 3454 111 3458 Δ
142 3373 246 3452 Passa,
260 3374 355 3457 replet
370 3374 475 3437 succis.
520 3374 609 3449 Quos
624 3391 780 3460 postquam
794 3379 935 3442 combibit
949 3377 1045 3442 AEsdn

142 3471 206 3553 Aut
220 3493 271 3535 ore
286 3486 435 3556 acceptos,
450 3487 501 3536 aut
515 3474 656 3553 vulnere;
678 3477 769 3539 barba
782 3498 935 3561 comaeque

143 3569 261 3644 Canitie
275 3569 373 3655 posita
385 3571 501 3654 nigrum
515 3573 641 3657 rapuere
655 3576 795 3637 colorem.
