2536 4252
556 345 715 421 menan.
1086 367 1127 427 at

145 518 344 584 Flammiferis
359 521 495 606 implent,
509 523 695 606 pedibusque
710 521 853 604 repagula
869 522 998 607 pulsant.

146 617 224 692 Quae
241 634 396 703 postquam
411 619 540 703 Tethys,
556 620 681 682 latorum
696 620 796 702 ignara
810 621 937 704 nepotis,
1067 623 1128 684 155

145 716 290 800 Repulit;
313 731 344 781 et
358 717 435 780 sacta
450 732 494 781 est
510 719 645 781 immensi
659 719 746 801 copia
760 718 880 795 mundi3

144 814 327 899 Corripuere
343 816 432 894 viam,
447 817 631 901 pedibusque
646 837 701 900 per
715 820 784 879 aera
798 816 886 879 motis

145 914 307 978 Obstantes
322 915 436 977 findunt
450 914 587 993 nebulas,
600 915 763 999 pennisque
779 915 869 978 levati
920 919 923 925 ’

145 1011 330 1076 Praetereunt
344 1026 423 1076 ortos
437 1013 532 1076 isdem
549 1013 586 1076 de
603 1013 733 1098 partibus
748 1012 858 1076 Euroo.

146 1109 208 1173 Sed
222 1111 290 1174 leve
306 1111 422 1195 pondus
437 1125 518 1188 erat3
539 1133 597 1175 nec
612 1112 692 1196 quod
707 1132 887 1194 cognoscere
900 1125 1022 1197 possent
1067 1111 1129 1174 160

145 1208 223 1272 Solis
238 1210 324 1295 equi:
347 1209 496 1295 solitaque
504 1209 609 1295 jugum
625 1210 767 1292 gravitate
782 1209 912 1273 carebat.

144 1307 249 1392 thue
264 1309 365 1371 labant
379 1328 476 1371 curvae
488 1307 570 1392 justo
584 1309 648 1384 sine
663 1307 796 1390 pondere
811 1328 913 1384 naves,

112 1476 114 1479 ,
145 1399 265 1489 Perq'ue
280 1427 372 1483 mare,
388 1405 538 1467 instabiles
552 1403 644 1467 nimia
658 1405 790 1482 levitate,
804 1403 938 1468 feruntur
946 1425 955 1483 3
977 1473 984 1482 ‚

146 1503 197 1566 Sic
212 1524 302 1566 onere
317 1504 441 1566 adsueto
456 1524 566 1571 uacuos
581 1503 631 1564 dat
645 1501 673 1564 in
690 1505 759 1565 ae‘ra
772 1503 874 1581 saltus,

146 1601 375 1686 Succutiturque
389 1601 460 1679 alte,
475 1600 636 1685 similisque
652 1614 698 1663 est
711 1622 812 1664 currus
827 1600 917 1664 inani.
1067 1601 1127 1665 165

145 1700 239 1775 Quod
254 1700 340 1764 simul
356 1722 391 1763 ac
405 1699 545 1776 sensdre3
567 1714 665 1777 ruunt,
681 1699 841 1784 tritumque
856 1698 1024 1783 relinquunt

145 1797 323 1885 Quadrijugi
337 1797 483 1882 spatium:
506 1818 574 1875 nec,
591 1818 649 1881 quo
665 1796 755 1880 priris,
770 1797 873 1861 ordine
888 1809 1019 1860 cununt.

145 1895 214 1981 lpse
229 1910 320 1982 pavet
329 1919 338 1975 ;
359 1917 416 1960 nec
432 1895 493 1982 qud
505 1895 677 1983 commissas
692 1895 794 1959 flectat
807 1895 950 1973 habenas,
1048 1899 1050 1904 ’

144 1993 213 2058 Nec
227 1995 292 2073 scit,
308 1994 367 2079 qud
381 1994 418 2058 sit
433 1994 505 2058 iter:
528 2015 595 2071 nec,
610 1993 635 2056 si
649 1993 733 2082 sciat,
748 1993 874 2077 imperet
889 1993 953 2058 illis.

144 2092 226 2155 Tum
242 2092 472 2177 primbmradiis
486 2093 576 2175 gelidi
590 2091 709 2156 caluere
724 2091 862 2170 Triones,
1065 2092 1127 2156 170

144 2189 294 2254 Et‘vetito
308 2189 414 2254 frustra
428 2190 579 2254 tentarunt
593 2211 710 2274 aequore
725 2189 808 2273 tingi.

144 2287 285 2372 Quaeque
300 2289 370 2372 polo
384 2289 480 2373 posita
495 2303 539 2352 est
554 2288 669 2370 glaciali
684 2288 820 2373 proxima
834 2284 976 2370 Serpens,

144 2387 269 2471 Frigore
284 2389 367 2473 pigra
382 2390 473 2473 prius,
488 2389 545 2453 nec
559 2389 748 2451 formidabilis
763 2388 825 2466 ulli,

144 2486 288 2550 Incaluit:
311 2487 496 2570 sumpsitque
512 2508 605 2549 novas
620 2484 781 2548 fervoribus
796 2485 862 2547 iras.

144 2583 194 2646 Te
210 2606 328 2669 quoque
344 2584 493 2648 turbatum
506 2597 673 2648 memorant
687 2583 806 2667 fugisse,
821 2580 944 2658 Boote5
1065 2585 1124 2646 175

145 2681 408 2771 Quamvistardus
422 2704 497 2761 eras,
512 2697 542 2746 et
557 2697 588 2745 te
603 2697 654 2746 tua
668 2682 797 2766 plaustra
812 2679 963 2743 tenebant.

186 2780 232 2844 Ut
248 2780 319 2844 verb
332 2803 450 2844 summo
464 2782 602 2865 despexit
616 2781 653 2844 ab
668 2782 776 2844 aethere
790 2793 881 2841 terras

144 2878 253 2943 Infelix
269 2879 439 2958 Phaethon,
454 2880 573 2964 penitus
588 2879 765 2964 penitusque
775 2877 929 2963 jacentes3

144 2977 266 3056 Palluit,
282 2992 314 3041 et
328 2979 425 3042 subito
439 3000 537 3062 genua
551 2979 733 3042 intremudre'
743 2975 864 3038 timore:

145 3075 281 3160 Suntque
296 3078 390 3141 oculis
405 3078 532 3141 tenebrae
548 3099 602 3163 per
615 3090 726 3140 tanturn
742 3075 843 3136 lumen
858 3072 977 3160 obprtae.
1062 3075 1123 3137 180

145 3173 188 3239 Et
198 3174 261 3260 jam
276 3177 377 3239 mallet
391 3197 483 3260 equos
497 3197 648 3260 nunquam
663 3172 791 3254 tetigisse
806 3184 961 3255 paternos:

144 3273 274 3358 Jamque
290 3274 414 3356 agndsse
429 3297 522 3356 genus
537 3273 629 3357 pig'et,
644 3285 674 3336 et
690 3270 814 3333 valuisse
829 3269 977 3352 rogando:
998 3313 1002 3322 ·
1084 3319 1087 3324 .

144 3370 165 3434 J
167 3394 215 3435 am
230 3371 364 3457 Meropis
379 3372 436 3434 dici
451 3373 593 3455 cupiens3
616 3372 655 3434 ita
669 3369 767 3446 fertur,
782 3381 816 3431 ut
830 3381 895 3431 acta

145 3470 295 3555 Praecipiti
309 3471 396 3555 pinus
410 3470 523 3548 Borea,
538 3471 587 3534 cui
602 3470 678 3532 ricta
692 3468 802 3530 remisit

146 3568 253 3637 Frena
266 3591 335 3633 suus
349 3584 456 3659 rector,
472 3591 560 3654 quam
576 3568 620 3631 dis
634 3566 767 3649 votisque
781 3564 909 3648 reliquit.
1062 3565 1123 3633 185
