2536 4252
175 408 196 469 4
488 410 835 463 METAMORPHOSEON

175 564 247 629 Sive
262 585 366 628 recens
380 564 477 642 tellus,
492 563 673 648 seductaque
687 584 783 647 nuper
796 562 833 624 ab
849 561 908 624 alto

175 663 313 742 AEthere,
327 662 444 745 cognati
459 662 604 725 retinebat
619 661 731 723 semina
744 660 825 722 coeli.

176 761 279 836 Quam
294 776 373 825 satus
388 760 503 846 Iapeto,
519 762 643 823 mixtam
656 760 822 822 fluvialibus
837 757 934 835 undis,

176 859 280 922 Finxit
295 861 325 922 in
339 859 468 942 effigiem
484 859 689 922 moderantrim
703 871 811 920 cuncta
826 857 961 919 deorum.

175 956 335 1043 Pronaque
349 959 418 1020 crim
433 971 569 1041 spectent
583 957 719 1020 animalia
731 971 837 1019 catera
852 970 977 1033 terram3

175 1055 221 1118 Os
236 1055 348 1120 homini
362 1055 487 1118 sublime
503 1054 601 1118 dedit:
624 1055 793 1139 coelumque
808 1053 883 1117 tueri

174 1153 278 1232 Jussit,
293 1167 325 1218 et
339 1166 453 1217 erectos
468 1152 506 1216 ad
519 1153 615 1217 sidera
628 1153 731 1217 tollere
747 1153 856 1216 vultus.

175 1251 237 1330 Sic,
252 1252 343 1316 modd
359 1274 425 1337 quae
439 1251 534 1317 suerat
548 1252 628 1314 rudis
642 1266 673 1315 ct
687 1252 749 1314 sine
764 1250 903 1334 imagine,
917 1249 1005 1312 tellus

174 1349 273 1414 Induit
287 1349 401 1434 ignotas
415 1349 567 1414 hominum
581 1371 725 1414 conversa
739 1350 856 1434 figuras.
1070 1344 1074 1352 ’

438 1589 592 1645 QUATUOR
613 1591 718 1635 nuum
740 1591 882 1634 marm.

609 1773 640 1840 u.
660 1753 713 1817 89.

74 1993 75 1996 ,
175 1925 277 1988 Aurea
291 1923 386 2010 prima
399 1938 463 1988 sata
477 1937 523 1987 est
538 1937 617 2002 etas,
632 1937 707 2010 quae',
722 1925 837 1990 vindice
851 1925 942 2005 nullo,

174 2022 289 2107 Sponte
303 2023 369 2101 sud,
383 2023 447 2086 sine
460 2023 539 2106 lege,
554 2022 643 2087 fidem
658 2037 832 2110 rectumque
847 2026 975 2090 colebat.

174 2119 272 2186 Poene
284 2128 442 2207 metusque
452 2122 593 2185 aberant:
615 2143 672 2186 nec
686 2123 777 2186 verba
789 2123 915 2188 minacia
927 2123 1000 2213 fixo·

174 2219 248 2291 AEre
263 2220 451 2303 legebantur:
475 2242 532 2284 nec
546 2221 677 2305 supplex
691 2221 777 2285 turba
790 2221 934 2285 timebant

173 2316 289 2381 Judicis
303 2339 355 2382 ora
369 2318 432 2382 sui:
455 2318 508 2382 sed
524 2332 607 2382 erant
621 2317 685 2380 sine
695 2316 797 2404 judice
811 2318 876 2382 tuti.

173 2415 316 2482 Nondum
330 2439 406 2482 casa
420 2418 490 2496 suis,
502 2417 688 2502 peregrinum
699 2431 732 2480 ut
743 2417 849 2482 viseret
863 2419 976 2497 orbem,

173 2505 338 2594 Montibus,
351 2516 380 2579 in
395 2515 520 2602 liquidas
533 2515 620 2601 pinus
635 2515 828 2580 descenderat
842 2517 955 2598 undas:¹

173 2612 329 2699 Nullaque
338 2615 485 2692 mortales,
500 2628 605 2698 praeter
618 2635 683 2692 sua,
696 2615 794 2678 littora
807 2616 921 2679 nbraut.

174 2711 315 2776 Nondum
332 2711 496 2795 precipites
509 2712 669 2794 cingebant
683 2712 794 2795 oppida
808 2711 907 2776 fossae:

173 2807 203 2871 N
205 2831 243 2871 on
258 2809 329 2873 tuba
343 2807 458 2886 directi,
472 2829 531 2874 non
545 2809 609 2872 aeris
622 2829 734 2872 cornua
748 2808 830 2887 flexi,

173 2903 243 2968 Non
258 2907 359 2989 galea,
374 2928 433 2969 non
449 2906 537 2984 ensis,
552 2919 646 2969 erant.
691 2905 762 2970 Sine
777 2907 875 2972 militis
889 2931 945 2972 usu

173 3001 278 3068 Mollia
291 3027 402 3069 secure
418 3005 598 3089 peragebant
612 3005 672 3069 otia
687 3019 812 3070 mentes.
1088 3012 1146 3071 10⁰
1233 3068 1237 3075 .

173 3101 242 3187 lpsa
258 3125 375 3188 quoque
390 3103 539 3181 immuniS,
553 3118 704 3189 rastroque
719 3104 838 3182 intacta,
853 3127 909 3168 nec
923 3106 988 3168 ullis

173 3202 281 3264 Saucia
296 3203 474 3280 vomeribuS,
489 3221 543 3286 per
557 3224 590 3265 sc
605 3203 693 3267 dabat
707 3205 805 3267 omnia
819 3205 922 3270 tellus:

172 3299 375 3383 Contentique
389 3301 472 3379 cibis,
488 3301 569 3363 nullo
583 3316 722 3384 cogente,
737 3302 852 3380 creatis,

172 3398 322 3460 Arbutcos
338 3395 437 3475 soetus,
453 3413 650 3483 montanaque
665 3398 745 3481 fraga
759 3400 907 3482 legebant,
991 3426 996 3429 ·

168 3495 342 3579 Cornaque,
358 3509 389 3560 et
404 3495 434 3558 in
450 3494 529 3559 duris
544 3497 684 3560 baerentia
699 3518 781 3561 mora
795 3497 924 3574 rubetis3
1085 3503 1144 3563 105

175 3594 213 3658 Et
229 3616 293 3677 quae
308 3594 477 3658 deciderant
493 3596 594 3678 patula
606 3594 692 3660 Jovis
707 3597 810 3660 arbore
825 3594 957 3678 glandes.
