2536 4252
562 415 670 466 crana
690 417 710 466 1.
1102 408 1124 470 9

145 568 232 643 Quos
247 569 332 631 simul
348 567 487 652 imposuit
502 568 622 645 mensis,
638 589 694 651 ego
710 567 826 630 vindice
841 567 964 630 flammai
1059 569 1123 632 230

144 667 178 730 ln
195 668 314 731 domino
329 667 432 749 dignos
447 667 541 730 everti
556 681 637 729 tecta
651 667 793 729 Penates.

143 765 277 830 Territus
293 767 342 830 ille
357 764 430 849 sugit
439 789 448 845 3
470 780 633 851 nactusque
648 766 763 829 silentia
776 766 850 829 ruris

144 864 299 944 Erululat,
314 864 477 950 frustraque
492 865 572 949 loqui
587 878 725 928 conatur:
748 866 785 928 ab
800 864 865 949 ipso

144 963 267 1048 Colligit
281 987 314 1027 os
329 965 452 1042 rabiem,
467 963 618 1048 solitaeque
633 963 772 1047 cupidine
788 964 876 1027 caedis

145 1062 278 1127 Vertitur
292 1063 321 1126 in
336 1062 485 1147 pecudes:
509 1076 540 1124 et
554 1084 632 1125 nunc
648 1065 766 1147 quoque
782 1064 923 1146 sanguine
938 1063 1058 1147 gaudet.

143 1161 179 1225 In
194 1162 278 1225 villos
294 1163 404 1224 abeunt
419 1173 526 1238 vestes,
542 1161 571 1222 in
586 1182 671 1223 crura
690 1162 801 1224 lacerti.
921 1232 923 1237 .
1060 1163 1123 1227 2:36

144 1259 195 1323 Fit
210 1261 308 1345 lupus,
323 1273 354 1323 et
370 1260 478 1322 veteris
492 1273 592 1323 servat
607 1260 731 1343 vestigia
745 1259 854 1323 sormae.

144 1357 279 1422 Canities
294 1359 399 1421 eadem
418 1372 473 1436 est,
489 1359 594 1420 eadem
611 1359 749 1420 violentia
766 1358 865 1420 vultu:

144 1456 230 1520 ldem
245 1457 323 1520 oculi
338 1457 455 1520 lucent:
479 1456 586 1519 eadem
601 1455 723 1519 feritatis
738 1457 846 1538 imago.

187 1555 307 1620 Occidit
322 1577 381 1618 una
396 1555 518 1619 domus:
541 1556 594 1618 sed
610 1577 669 1617 non
684 1555 789 1618 domus
804 1577 864 1618 una
878 1556 974 1639 perire
1015 1586 1017 1590 ·
1061 1558 1124 1619 240

149 1655 247 1737 Digna
261 1654 331 1718 suit:
356 1654 416 1739 quit
430 1668 507 1740 terra
521 1667 615 1738 patet,
630 1651 692 1717 sera
706 1668 808 1736 regnat
825 1653 966 1738 Erinnys.

145 1754 179 1817 ln
196 1753 306 1817 facinus
318 1753 433 1839 jurisse
450 1769 546 1837 putes.
592 1752 677 1816 Dent
691 1753 773 1815 ociirs
788 1775 903 1830 omneS,

146 1851 232 1928 Quas
246 1853 382 1936 meruere
398 1853 460 1937 pati
477 1852 534 1940 (sic
549 1865 606 1915 stat
620 1851 780 1937 sententia)
798 1851 924 1935 poenas.’

548 2094 722 2137 nlmvmur.

576 2293 606 2334 v.
622 2272 697 2335 244.

147 2446 238 2509 Dicta
252 2444 337 2507 Jovis
352 2464 419 2527 pars
436 2464 510 2507 voce
525 2444 660 2527 probant,
675 2442 869 2526 stimulosque
884 2441 991 2506 furenti

147 2543 318 2626 Adjiciunt:
341 2543 389 2604 alii
404 2555 501 2625 partes
516 2540 687 2603 adsensibus
702 2539 838 2622 implent.
1064 2542 1127 2604 245
1208 2588 1210 2593 -

147 2641 205 2704 Est
219 2655 318 2704 tamen
334 2639 455 2702 humani
471 2639 587 2722 generis
599 2637 714 2724 jactura
730 2638 823 2700 dolori

147 2739 312 2804 Omnibus:
335 2753 376 2818 et,
392 2760 456 2824 quae
471 2738 509 2802 sit
523 2751 616 2816 terrae,
632 2737 802 2800 mortalibus
817 2736 905 2815 orbae,

147 2836 260 2903 Forma
273 2837 379 2916 sutura,
394 2851 514 2920 rogant:
538 2836 602 2923 quis
616 2837 653 2900 sit
668 2836 779 2900 laturus
794 2835 824 2898 in
840 2856 904 2898 aras

147 2939 271 3002 Thura?
294 2936 400 3000 ferisne
415 2950 499 3021 paret
514 2935 697 3020 populandas
711 2934 827 2997 tradere
842 2936 967 3018 gentes?

147 3037 236 3100 Talia
250 3049 414 3120 quaerentes
432 3033 502 3122 (sibi
517 3034 596 3096 enim
611 3032 673 3096 sore
689 3047 795 3097 caetera
808 3032 901 3120 curae)
1065 3036 1129 3098 250

148 3134 221 3198 Rex
236 3135 375 3218 superum
390 3133 537 3217 trepidare
553 3146 644 3211 vetat,
660 3133 854 3217 sobolemque
869 3133 957 3216 priori

149 3234 331 3297 Dissimilem
345 3233 456 3318 populo
471 3231 615 3316 promittit
629 3231 741 3314 origine
756 3231 841 3294 miri.

190 3330 320 3416 Jamque
335 3331 441 3394 eratin
457 3344 533 3393 totas
547 3351 699 3414 sparsurus
714 3327 836 3392 fulmina
848 3344 958 3407 terras;

150 3430 211 3493 Sed
225 3430 333 3507 timuit,
348 3451 386 3491 ne
401 3429 476 3492 sorte
491 3450 575 3492 sacer
589 3442 633 3492 tot
647 3429 684 3492 ab
699 3428 815 3511 ignibus
830 3428 921 3491 aether

150 3529 332 3613 Conciperet
347 3528 492 3606 flammas,
507 3529 671 3612 longusque
688 3526 854 3590 ardesceret
869 3526 943 3588 artis.
1066 3526 1129 3588 255

150 3628 227 3692 Esse
243 3650 361 3713 quoque
376 3627 405 3690 in
421 3626 486 3691 latis
500 3626 705 3705 reminiscitur,
721 3626 811 3688 affore
830 3637 959 3708 tempus,
