2536 4252
560 397 666 447 LIBER
690 399 736 448 XI.

128 579 129 582 κ
206 543 271 621 Ille,
287 567 408 628 perosus
423 569 506 630 opeS,
521 547 609 610 silvas
624 562 655 611 et
669 570 736 611 rura
749 548 876 626 colebat,

164 641 305 727 Panaque
320 646 465 707 montanis
481 646 662 709 habitantem
676 667 794 730 semper
808 646 836 708 in
852 647 952 710 antris.

164 739 278 823 Pingue
294 743 346 804 sed
361 744 510 825 ingenium
526 745 647 806 mansit:
671 744 871 828 nocituraque,
887 759 920 807 ut
933 743 1014 822 ante,
1097 746 1138 810 60

163 836 278 900 Rursus
292 854 375 902 erant
389 841 508 902 donrino
523 841 639 904 stolidae
655 842 814 924 precordia
827 842 945 905 mentis.
1052 859 1054 863 ·

163 933 252 1012 Nam,
265 936 343 999 ‘sreta
359 938 550 1021 prospiciens,
565 939 625 1001 late
639 939 713 1021 riget
728 939 834 1001 arduus
850 939 910 1002 alto

142 1118 148 1129 ι
162 1033 287 1098 Tmolus
302 1037 330 1097 in
345 1037 650 1140 amoenam-clivoque
665 1052 805 1100 extentus
820 1026 956 1122 utroque,

162 1132 301 1195 Sardibus
316 1134 395 1211 hinc,
410 1133 490 1197 illinc
506 1135 601 1217 parvis
615 1135 713 1197 finitur
728 1133 884 1219 Hypaepis.

162 1229 225 1292 Pan
241 1231 280 1293 ibi
296 1232 367 1293 dum
381 1232 488 1294 teneris
499 1231 592 1315 jactat
606 1253 660 1294 sua
673 1233 800 1293 carmina
816 1232 967 1315 nymphis,

161 1327 203 1390 Et
218 1330 284 1391 leve
300 1330 401 1391 cerata
415 1329 582 1391 modulatur
595 1329 737 1391 arundine
751 1350 887 1406 carmem

161 1424 261 1485 Ausus
279 1425 452 1506 Apollineos
468 1446 526 1507 prae
541 1445 573 1486 se
587 1440 778 1505 contemnere
792 1440 908 1503 cantus,

160 1522 268 1592 Judice
282 1524 337 1584 sub
352 1522 461 1584 Tmolo
475 1537 625 1586 certamen
641 1524 721 1587 venit
736 1523 773 1587 ad
788 1523 892 1608 impar.

202 1619 308 1683 Monte
323 1643 377 1683 suo
392 1621 488 1682 senior
498 1620 760 1705 judexconsedit3
782 1637 812 1685 et
827 1643 912 1686 aures

160 1716 280 1781 Liberat
294 1718 454 1781 arboribus.
499 1718 625 1792 Quercu
642 1741 730 1782 coma
743 1721 849 1784 caerula
863 1721 978 1783 tantiam

159 1819 314 1902 Cingitur3
336 1836 366 1884 et
382 1817 638 1905 pendent'oircum
652 1843 727 1885 cava
741 1837 876 1906 tempora
889 1822 1022 1905 glandes.

158 1918 245 2004 Isque
261 1921 350 1983 deum
364 1921 478 2004 pecoris
490 1934 637 2004 spectans,
661 1927 671 1958 ‘
680 1920 714 1983 In
726 1920 848 2006 judice,'
864 1922 950 2000 dixit,

158 2017 268 2081 ‘Nulla
281 2040 363 2080 mora
378 2018 444 2081 est?
491 2017 622 2082 Calamis
637 2020 797 2100 agrestibus
812 2020 926 2082 insonat
940 2019 1007 2084 ille:

156 2115 375 2198 Barbaricoque
390 2115 494 2178 Midan
513 2114 629 2200 (aderat
642 2137 711 2177 nam
727 2116 801 2179 sort'e
816 2118 949 2202 canenti)

157 2213 297 2275 Carmine
313 2212 425 2274 delinit.
470 2211 543 2274 Post
554 2212 633 2275 bunc
647 2234 732 2275 sacer
746 2235 797 2277 ora
811 2215 927 2278 retorsit

75 2334 78 2339 ’
156 2310 282 2373 Tmolus
297 2310 334 2372 ad
348 2332 381 2372 os
396 2309 524 2372 Pboebi:
548 2310 661 2373 vultum
676 2331 731 2373 sua
743 2312 817 2374 silva
830 2312 934 2377 secuta
947 2329 1002 2377 est.

155 2408 209 2470 Ille
225 2421 315 2490 caput
330 2407 440 2468 flavum
451 2407 533 2468 lauro
548 2406 724 2469 Parnasside
739 2408 854 2472 vinctus

156 2505 256 2568 Verrit
271 2505 394 2565 humum
409 2503 505 2585 Tyrio
520 2503 649 2566 saturata
662 2505 775 2567 murice
790 2503 885 2589 palld':
973 2567 977 2573 .

135 2592 137 2597 ⁵
155 2602 389 2684 Instructamque
404 2601 493 2662 fidem
508 2601 633 2683 gemmis
648 2616 679 2666 et
694 2603 831 2667 dentibus
846 2604 927 2669 Indis

154 2701 288 2763 Sustinet
303 2721 320 2761 a
334 2697 425 2770 lava:
448 2699 542 2762 tenuit
557 2721 660 2764 manus
675 2701 767 2765 altera
781 2702 937 2787 plectrum.

153 2799 281 2861 Artificis
295 2810 387 2860 status
402 2797 465 2881 ipse
481 2795 545 2860 luit.
589 2797 672 2861 Tum
686 2800 811 2864 stamina
826 2801 915 2866 docto

151 2896 266 2959 Pollice
281 2895 432 2958 sollicitat:
457 2917 581 2980 quorum
595 2895 753 2960 dulcedine
767 2913 872 2983 eaptus

151 2993 235 3056 Pana
246 2992 331 3078 jubet
345 2992 472 3054 Tmolus
486 2993 604 3056 citharae
620 2994 792 3060 submittere
806 3018 926 3061 cannas.

192 3091 211 3153 J
214 3092 343 3154 udicium
357 3092 509 3175 sanctique
524 3092 623 3175 placet
637 3093 782 3157 sententia
796 3096 903 3160 montis

149 3189 308 3252 OmnibuS.
354 3188 497 3271 Arguitur
511 3203 622 3268 tamen,
637 3206 726 3275 atque
740 3193 848 3278 injusta
862 3208 985 3258 vocatur

149 3287 245 3351 Unius
260 3308 395 3350 sermone
411 3285 514 3349 Midae.
559 3287 627 3351 Nec
641 3288 748 3352 Delius
763 3312 849 3354 aures

149 3384 320 3449 Humanam
334 3384 455 3448 stolidas
469 3385 579 3468 patitur
592 3386 717 3449 retinere
729 3388 868 3470 liguram3

141 3483 210 3575 §ed
225 3484 312 3547 trahit
325 3483 355 3546 in
370 3483 509 3567 spatium,
526 3483 660 3568 villisque
675 3485 839 3548 albentibus
854 3483 979 3568 implet;

148 3578 361 3666 Instabilesque
376 3582 435 3644 imo
449 3579 540 3660 sacit3
562 3596 594 3645 et
608 3582 658 3644 dat
672 3601 760 3666 posse
774 3581 899 3644 moved.
