2536 4252
551 379 660 430 LIBER
684 378 744 428 vu.

156 528 216 604 Qut
231 530 407 613 lacryment,
422 531 546 592 desunt:
569 529 777 613 indefletaeque
794 541 939 610 vagantur

154 626 296 691 Natarum
311 643 496 711 matrumque
512 627 626 704 anime,
638 626 841 711 juvenumque
860 647 1042 710 senumque:

153 724 182 787 N
184 747 219 787 ec
234 726 316 788 locus
330 726 359 789 in
375 726 513 802 tumulos,
528 746 584 788 nec
598 725 706 787 sufficit
720 725 805 787 arbor
818 724 848 787 in
862 724 956 807 ignes.

194 824 348 887 Attonitus
364 837 444 887 tanto
458 823 631 886 miserarum
644 822 759 885 turbine
774 844 883 900 rerum,

153 921 299 1006 “Jupiter
314 922 365 1000 b,'’
382 921 454 999 diri,
471 929 492 959 “
503 921 527 984 si
543 943 601 983 non
617 920 710 1004 pudet
725 942 790 983 esse
805 934 978 1004 parentem3
1064 923 1128 985 205

152 1019 215 1082 Aut
229 1020 301 1082 milri
315 1019 406 1082 redde
421 1041 514 1098 meos,
530 1033 580 1083 aut
594 1040 643 1082 me
659 1040 777 1104 quoque
792 1019 887 1082 conde
903 1019 1073 1104 sepulcro.’'

152 1117 205 1180 llle
221 1133 320 1181 notam
335 1118 447 1201 fulgore
463 1119 554 1196 dedit,
568 1118 737 1202 tonitruque
752 1118 895 1180 secundo.

151 1223 170 1252 “
179 1216 318 1298 Accipio,
333 1217 450 1301 sintque
465 1217 520 1278 ista
534 1237 640 1298 precor
654 1215 749 1287 felicia
763 1215 870 1276 mentis

151 1313 242 1393 Signa
256 1313 343 1393 tuae,''
361 1314 439 1382 dixi:
464 1313 572 1395 “quod
588 1312 640 1374 das
656 1313 736 1388 mibi,
752 1312 898 1395 pigneror,
913 1311 1035 1373 omen.’'

193 1410 285 1472 Fort'e
301 1409 454 1494 fuitjuxta
468 1411 574 1493 patulis
588 1409 733 1472 rarissima
746 1396 843 1486 remia,
1063 1413 1128 1474 210
1212 1397 1218 1405 ’

151 1507 241 1569 Sacra
255 1507 334 1584 Jovi,
351 1528 476 1592 quercus
492 1507 528 1570 de
544 1507 656 1569 semine
671 1506 837 1569 Dodonaeo.

151 1603 211 1668 Hic
226 1628 279 1667 nos
294 1605 448 1689 frugilegas
462 1606 652 1688 adspeximus
667 1603 891 1687 agmine'longo·

150 1703 270 1765 Grande
285 1725 358 1766 onus
374 1705 483 1787 exiguo
497 1703 632 1766 formicas
646 1723 697 1765 ore
712 1716 860 1784 gerentes,

150 1799 332 1886 Rugosoque
347 1824 434 1864 suum
448 1815 599 1864 servantes
613 1801 722 1864 cortice
737 1800 855 1863 callem.

148 1897 232 1960 Dum
247 1921 402 1962 numemm
417 1901 515 1977 miror,
531 1906 551 1936 “
560 1899 712 1976 Totidem,
727 1912 813 1982 pater
826 1898 971 1982 optime,’'
987 1900 1060 1979 dixi,

148 2003 167 2032 “
177 1996 227 2059 Tu
242 1998 316 2059 mihi
331 1997 369 2060 da
382 1998 480 2061 cives:
504 2012 536 2060 et
549 1997 647 2060 inania
661 1998 772 2060 moenia
785 1997 901 2080 reple.'’
1060 2000 1125 2080 216

148 2093 311 2171 Intremuit,
326 2096 472 2178 ramisque
487 2116 592 2158 sonum
607 2095 669 2157 sine
685 2094 803 2156 fiamine
818 2094 904 2157 motis

149 2192 219 2254 Alta
233 2192 314 2254 dedit
330 2213 465 2277 quercus.
510 2191 625 2293 liavido
639 2191 712 2257 rnibi
726 2190 859 2254 membra
873 2191 977 2255 timore

148 2289 339 2367 Horruerant,
354 2291 527 2374 stabantque
542 2312 645 2353 come.
689 2288 808 2352 Tamen
823 2290 923 2353 oscula
936 2304 1030 2370 terrae,
1079 2289 1081 2294 ’

147 2387 374 2471 Roboribusque
390 2388 475 2450 dedi:
492 2408 548 2450 nec
563 2409 612 2455 me
626 2407 744 2469 sperare
760 2386 889 2466 satebar3
1060 2393 1124 2455 220

148 2484 309 2567 Sperabam
326 2499 441 2546 tamen:
465 2497 553 2566 atque
569 2484 666 2545 animo
680 2504 749 2545 mea
764 2496 834 2545 vota
847 2483 995 2548 fovebam.

189 2581 218 2644 N
221 2603 261 2644 ox
276 2581 369 2644 subit:
393 2594 423 2644 et
436 2580 513 2644 curis
528 2580 660 2645 exercita
673 2602 797 2664 corpora
810 2602 931 2644 somnus

147 2678 296 2762 Occupat.
341 2678 422 2742 Ante
437 2679 539 2742 oculos
553 2678 659 2741 eadem
674 2678 746 2741 mihi
761 2700 886 2763 quercus
900 2680 1015 2759 adesse,

146 2777 188 2839 Et
201 2799 298 2840 ramos
313 2776 447 2854 totidem,
462 2776 646 2860 totidemque
661 2776 797 2841 animalia
811 2777 898 2841 ramis

145 2873 237 2937 Ferre
252 2876 311 2937 suis
326 2876 389 2938 visa
403 2888 465 2952 est3
488 2873 630 2959 parilique
645 2873 814 2938 tremiscere
828 2889 929 2940 motus
1059 2879 1123 2942 225

145 2971 391 3058 Graniferumque
406 2995 513 3056 agmen
528 2971 668 3057 subjectis
682 2994 822 3057 spargere
836 2973 864 3037 in
876 2974 963 3038 arvis.

145 3070 288 3133 Crescere
304 3071 382 3155 quod
397 3071 507 3149 subitb,
521 3085 552 3134 et
566 3069 661 3155 majus
676 3070 831 3157 majusque
846 3072 950 3151 videri,

147 3169 191 3232 Ac
207 3191 238 3230 se
254 3168 356 3230 tollere
371 3169 473 3246 humo,
487 3183 628 3254 rectoque
644 3168 789 3232 adsistere.
798 3183 903 3234 trunco
912 3193 921 3248 ;

146 3267 184 3328 Et
200 3267 325 3328 maciem
336 3284 556 3350 numerumque
570 3266 693 3350 pedum,
707 3266 883 3352 nigrumque
897 3267 1027 3331 colorem

145 3364 259 3426 Ponere
271 3386 278 3440 3
301 3377 332 3426 et
346 3363 505 3429 humanam
520 3364 659 3427 membris
673 3364 813 3428 inducere
828 3365 963 3428 sonuum.
1057 3367 1122 3430 230
1137 3387 1140 3392 ·

144 3461 356 3524 Somnus'abit.
402 3458 523 3526 Damno
537 3461 660 3544 vigilans
673 3483 742 3527 mea
756 3463 836 3540 visa3
858 3483 1024 3548 querorque

145 3559 177 3622 In
192 3561 305 3644 superis
320 3559 384 3642 opis
399 3580 464 3623 esse
478 3559 562 3720 1ὲί1111.
593 3560 651 3624 ,At
664 3560 695 3624 in
710 3560 820 3624 edibus
834 3559 938 3644 iugens
