2536 4252
169 393 231 455 150
436 459 440 463 ,
482 365 830 450 uerrucarnosaon

165 547 208 613 Et
223 549 406 613 Diomedeos
420 549 534 613 AEneas
549 520 663 632 suigerat
677 569 774 611 enses.
1184 631 1193 646 ·

164 646 288 710 Talibus
304 648 381 710 hanc
396 648 527 730 genitor:
551 647 641 711 ‘Sola
655 646 852 737 insuperabile
868 645 971 725 latum,
1079 650 1146 714 260

164 743 254 824 Nata,
269 767 390 808 movere
405 748 511 830 paras?
534 746 624 809 intres
638 745 709 808 lic'et
723 745 787 829 ipsa
801 743 943 807 Sororum

79 879 83 882 ·
164 843 262 908 Tecta
277 845 376 924 trium,
391 867 494 908 cernes
509 844 568 909 illic
583 844 734 908 molimine
749 856 833 906 vasto

168 940 216 1004 Ex
232 963 299 1021 aere,
315 956 345 1004 et
358 943 451 1007 solido
465 965 562 1007 rerum
579 942 719 1005 tabularia
734 940 827 1004 ferro:
912 963 914 967 ·
956 966 959 972 ·

167 1037 243 1112 Quae
259 1061 357 1124 neque
371 1062 547 1103 concursum
561 1040 640 1117 coeli,
655 1060 753 1124 neque
769 1037 897 1101 fulminis
912 1038 996 1118 iram,

164 1135 231 1200 Nec
246 1151 382 1201 metuunt
396 1138 470 1200 ullas
486 1153 548 1201 tuta
564 1154 651 1223 atque
667 1153 776 1201 aterna
790 1137 898 1200 ruinas.
1079 1140 1145 1202 265

164 1223 302 1297 lnvenies
318 1235 376 1299 illic
392 1236 482 1299 incisa
497 1236 652 1298 adamante
668 1234 792 1319 perenni

165 1330 240 1396 Fata
254 1334 296 1396 tui
311 1335 444 1416 generis:
468 1334 525 1416 legi
541 1335 615 1419 ipse,
630 1335 788 1418 animoque
802 1332 913 1410 notavi,

94 1429 101 1434 ’
164 1429 205 1494 Et
219 1431 343 1494 reseram
353 1455 372 1519 :¹
385 1454 422 1494 ne
436 1433 475 1494 sis
490 1424 649 1495 etiamnum
666 1432 764 1514 ignara
781 1431 881 1494 futuri.
956 1465 958 1471 ·

87 1568 93 1581 -
164 1527 223 1592 Hic
238 1552 290 1592 sua
305 1530 466 1614 complevit
484 1530 553 1614 (pro
569 1552 639 1614 quo,
655 1530 819 1612 Cytherea,
834 1526 963 1613 laboras)

162 1625 326 1710 Tempora,
343 1626 578 1714 perlectis,quos
594 1642 676 1690 terne
692 1628 803 1704 debuit,
818 1628 912 1690 annis.
1076 1629 1143 1692 270

162 1723 208 1787 Ut
222 1725 295 1787 deus
311 1726 433 1788 accedat
446 1725 535 1801 cralo,
552 1725 728 1809 templisque
743 1725 867 1802 colatur,

162 1820 213 1884 Tu
229 1821 329 1900 facies,
345 1837 490 1906 natusque
505 1846 585 1901 suus,
602 1824 651 1908 qui
667 1823 791 1886 nominis
808 1824 911 1901 lraeres,

163 1918 339 2003 Impositum
356 1921 428 1984 lere't
445 1921 534 1984 Urbis
549 1943 633 1998 onus,
649 1922 775 2005 caesique
792 1911 921 2006 parentis

163 2016 227 2080 Nos
242 2018 271 2080 in
285 2019 365 2081 bella
378 2041 445 2081 suos
461 2018 632 2082 fortissimus
647 2019 723 2082 ultor
738 2019 867 2083 habebit.

162 2114 242 2180 lllius
258 2117 394 2201 auspiciis
410 2118 535 2180 obsessa
552 2118 662 2180 moenia
677 2139 784 2201 pacem
902 2147 904 2150 ’
1075 2119 1141 2184 275

163 2211 253 2277 Victa
269 2229 373 2298 petent
388 2214 528 2279 Mutinae:
553 2215 705 2278 Pharsalia
719 2216 826 2278 sentiet
840 2215 933 2294 illurn,
1097 2208 1103 2221 ’

162 2311 374 2397 AEmatlriaque
390 2313 494 2374 iterum
509 2312 663 2376 mades-acti
679 2313 760 2375 caede
775 2312 925 2396 Philippi:

163 2407 205 2471 Et
220 2408 366 2492 Magnum
383 2410 489 2473 Siculis
505 2432 611 2473 nomen
624 2411 809 2493 superabitur
820 2411 923 2474 undis:

162 2505 352 2592 Romanique
369 2507 451 2570 ducis
466 2508 577 2592 conjux
593 2508 747 2591 AEgyptia,
762 2507 844 2590 taedae

162 2602 231 2666 Non
247 2605 323 2667 bene
338 2606 400 2682 fisa,
415 2606 519 2668 radet:
543 2605 706 2689 frustraque
721 2606 776 2668 erit
791 2605 839 2668 illa
853 2605 974 2682 minata,
1075 2607 1139 2670 280

161 2700 314 2765 Servitura
328 2725 382 2764 suo
397 2702 545 2786 Capitolia
561 2717 658 2765 nostra
674 2702 813 2786 Canope.

161 2797 245 2872 Quid
263 2800 313 2862 tibi
328 2800 513 2878 Barbariem,
528 2816 631 2884 gentes
646 2802 683 2864 ab
698 2816 822 2886 utroque
832 2802 967 2888 jacentes

159 2896 296 2975 Oceano,
312 2903 486 2964 numerem?
531 2899 743 2984 Quodcunque
758 2901 917 2964 habitabile
932 2901 1020 2964 tellus

160 2995 302 3072 Sustinet,
319 2997 404 3080 hujus
419 3000 490 3085 erit:
515 3014 623 3082 pontus
638 3021 756 3083 quoque
772 3001 880 3062 serviet
894 2999 945 3063 illi.
1025 3029 1026 3032 ¹

161 3091 241 3156 Pace
258 3093 327 3154 data
341 3095 434 3172 terris3
449 3096 578 3157 animum
593 3097 631 3158 ad
646 3097 742 3159 civilia
765 3111 860 3160 vertet
1074 3097 1138 3160 285

159 3189 178 3251 J
181 3212 232 3252 ura
246 3211 343 3268 suum,
359 3191 499 3276 legesque
515 3191 588 3255 seret
599 3193 775 3276 justissimus
789 3210 908 3257 auctor:

160 3286 371 3373 Exemploque
385 3311 440 3352 suo
454 3312 550 3352 mores
565 3304 664 3373 reget:
688 3292 777 3376 inque
793 3291 880 3360 futuri

159 3383 318 3469 Temporis
333 3401 460 3465 aetatem,
475 3401 724 3474 venturorumque
739 3405 894 3473 nepotum,

159 3481 357 3567 Prospiciens,
373 3485 487 3570 prolem
502 3485 606 3547 sancta
619 3486 657 3547 de
672 3486 798 3572 conjuge
814 3501 915 3550 natam

159 3577 252 3644 Ferre
267 3582 353 3646 simul
367 3605 536 3670 nomenque
551 3604 638 3646 suum
652 3606 796 3669 curasque
807 3584 935 3671 jubebit.
1022 3613 1035 3640 ε
1073 3585 1140 3651 290
