2536 4252
476 431 479 438 '
544 449 652 500 nmen
667 450 714 500 vr.

142 600 266 663 Talibus
282 614 327 662 est
342 600 425 662 dictis
440 599 640 681 geminiacum
657 601 739 684 prole
752 601 870 664 locuta:

143 699 211 761 ‘En
227 721 282 781 ego
300 712 395 761 vestra
409 719 525 782 parens,
541 699 624 761 vobis
640 699 770 761 animosa
786 699 902 778 creatis,

144 796 185 859 Et
199 798 253 859 nisi
268 796 390 873 lunoni,
405 796 476 858 nulli
490 818 610 858 cessura
624 792 756 874 dearum,
882 785 885 792 ’
1073 798 1118 862 60

145 894 193 955 An
208 895 264 956 dea
278 894 344 971 sim,
359 893 491 956 dubitor:
515 915 626 978 perque
642 893 741 956 omnia
754 893 860 956 secula
874 892 960 957 cultis

143 991 266 1067 Arceor,
281 1013 300 1054 o
315 992 385 1068 nati,
399 992 453 1054 nisi
467 1013 520 1054 vos
534 991 711 1068 succurritis,
726 991 792 1053 aris.

143 1088 210 1151 Nec
226 1089 309 1152 dolor
322 1089 370 1151 hic
385 1090 481 1152 solus:
505 1090 567 1152 diro
581 1090 716 1153 convicia
730 1088 809 1152 sacto

143 1186 276 1249 Tantalis
292 1187 415 1272 adjecit:
437 1203 550 1271 vosque
566 1201 611 1249 est
625 1201 803 1272 postponere
818 1187 893 1249 natis

145 1285 227 1346 Ausa
240 1285 316 1347 suis:
339 1298 369 1347 et
384 1307 432 1346 me
450 1283 544 1370 (quod
560 1285 587 1347 in
605 1285 699 1367 ipsam
714 1283 838 1369 recidat)
856 1284 957 1346 orbam
1073 1286 1117 1350 65
1200 1276 1203 1281 ¹

144 1381 231 1443 Dixit
240 1403 248 1458 3
272 1396 301 1444 et
317 1382 451 1444 exhibuit
465 1383 594 1463 linguam
610 1382 753 1449 scelerata
770 1381 944 1464 patemam.'

145 1479 307 1564 Adjectnra
324 1491 426 1563 preces
442 1494 504 1542 erat
519 1481 563 1541 his
578 1479 695 1542 Latona
709 1479 823 1542 relatis:

145 1577 299 1654 ‘Desine‚’
315 1578 449 1640 Phoebus
465 1579 514 1666 ait,
531 1577 663 1663 ‘(poenae
678 1598 759 1638 mora
774 1574 875 1663 longa)
894 1577 1050 1662 querelas!
1140 1639 1147 1652 ‚

145 1675 230 1739 Dixit
246 1677 324 1738 idem
339 1675 473 1738 Phoebe:
497 1675 645 1759 celerique
660 1695 715 1759 per
728 1677 798 1739 aera
811 1677 895 1759 lapsu

144 1773 338 1856 Contigerant
353 1774 422 1836 tecti
438 1772 604 1836 Cadmeida
619 1774 743 1836 nubibus
759 1795 869 1836 arcem.
1075 1777 1118 1839 70

187 1872 297 1933 Planus
313 1884 386 1948 erat,
402 1871 520 1954 lateque
536 1884 639 1955 patens
654 1893 747 1956 prope
761 1871 871 1934 moenia
885 1892 1018 1955 campus,

145 1969 283 2032 Adsiduis
300 1970 431 2054 pulsatus
446 1969 547 2053 eqnis3
569 1969 618 2031 ubi
634 1970 719 2031 turba
732 1983 871 2047 rotarum,

144 2066 286 2151 Duraque
301 2068 465 2130 mollierunt
479 2066 626 2153 subjectas
640 2068 751 2148 ungula
766 2067 877 2149 glebas
952 2062 963 2079 ⁸

144 2164 217 2227 Pars
231 2165 272 2227 ibi
286 2165 323 2227 de
339 2179 454 2248 septem
468 2165 573 2246 genitis
589 2164 760 2248 Amphione
772 2163 861 2227 sortes

143 2263 357 2325 Conscendunt
372 2263 401 2324 in
417 2284 519 2346 equos,
534 2260 687 2345 Tyrioque
701 2261 836 2324 rubentia
850 2260 919 2326 firco
1075 2265 1118 2328 75

143 2359 244 2442 Terga
258 2373 412 2444 premunt;
434 2380 563 2444 auroque
578 2380 681 2442 graves
696 2359 884 2423 moderantur
898 2361 1038 2424 habenas,

143 2456 173 2520 E
187 2459 291 2542 quibus
306 2457 449 2533 Ismenos,
465 2457 515 2540 qui
529 2457 613 2518 matri
628 2457 740 2518 sarcina
755 2456 904 2539 quondam
1071 2444 1075 2454 '

144 2555 245 2618 Prima
258 2577 317 2617 suae
332 2553 436 2630 suerat,
451 2554 522 2615 dum
536 2566 650 2615 certum
665 2552 758 2615 flectit
773 2553 801 2615 in
817 2554 919 2616 orbem
1015 2638 1018 2642 Α

145 2653 363 2736 Quadrupedes
378 2673 490 2728 cursus,
504 2650 729 2734 spumantiaque
744 2672 795 2714 ora
809 2654 946 2730 coercet3

144 2750 224 2814 ‘Hei
238 2752 309 2814 mihi
320 2752 337 2814 l’
360 2751 542 2827 conclarnat3
564 2749 721 2833 medioque
736 2751 766 2812 in
781 2763 901 2834 pectore
915 2751 993 2814 fixus
1075 2751 1119 2816 80

79 2861 84 2867 '
143 2849 221 2913 Tela
235 2850 319 2932 gerit,
335 2848 488 2934 sraenisque
504 2871 593 2911 manu
608 2849 752 2911 moriente
768 2849 894 2912 remissis

144 2947 179 3011 In
193 2949 269 3010 latus
284 2970 302 3010 a
316 2948 421 3010 dextro
436 2947 578 3030 paulatim
593 2945 697 3009 defluit
712 2967 804 3008 armo.

144 3045 313 3122 Proximus,
328 3046 432 3108 audito·
442 3045 537 3107 sonitu
553 3066 607 3127 per
621 3044 707 3106 inane
722 3045 876 3128 pharetra,

144 3143 250 3206 Fraena
263 3143 352 3223 dabat
366 3142 504 3226 Sipylus:
528 3143 619 3205 veluti
633 3142 702 3204 cirrn
718 3142 853 3225 praescius
868 3141 966 3204 imbris

145 3242 234 3304 Nube
249 3240 322 3323 sugit
336 3240 409 3318 visi,
424 3240 642 3324 pendentiaque
657 3240 787 3324 undique
802 3254 899 3303 rector
971 3243 972 3247 ’
1076 3240 1118 3304 85

145 3339 276 3403 Carbasa
291 3338 421 3414 deducit,
436 3359 474 3400 ne
491 3336 637 3421 qualevis
652 3337 752 3400 effluat
767 3359 848 3400 aure.

145 3436 249 3500 Fraena
265 3437 363 3498 dabat.
408 3434 541 3499 Dantem
555 3443 614 3496 rion
630 3434 766 3497 evitabile
781 3435 875 3497 telum

145 3534 363 3619 Consequitur:
385 3533 559 3617 summique
575 3546 703 3596 tremens
717 3533 832 3595 cervice
847 3530 953 3613 sagitta

146 3632 258 3708 Hesit3
280 3645 310 3695 et
325 3631 460 3694 exstabat
474 3630 640 3728 nudumude
655 3643 772 3713 gutture
784 3628 904 3691 serrum.

400 3732 420 3790 7
