2536 4252
510 410 513 416 ·
545 395 653 444 LIBER
669 394 717 444 ΙΙΙ.

145 544 176 607 Si
191 567 315 628 puerum
326 544 463 630 juvenes,
478 544 501 607 si
517 544 601 607 multi
616 542 713 606 sallitis
727 542 863 606 unum?''

64 707 68 716 ,
144 642 326 704 Jamdudum
340 633 459 704 flebam.
504 642 668 725 Lacrymas
682 662 786 703 manus
800 641 891 724 impia
904 653 1018 705 nostras

145 738 254 801 Ridet:
278 753 309 801 et
323 740 448 822 impellit
463 739 686 823 properantibus
701 760 816 822 equora
831 739 930 802 remis.
1054 741 1115 805 241

145 836 205 898 Per
220 837 269 898 tibi
286 859 364 899 nunc
379 837 476 920 ipsum
494 835 565 924 (nec
580 837 657 899 enim
674 837 842 920 presentior
855 838 905 900 illo

144 932 200 996 Est
216 933 303 1020 deus)
321 934 433 1019 adjuro,
448 947 508 997 tam
523 956 572 998 me
587 934 638 997 tibi
654 956 723 997 vera
737 932 854 1012 referre,

145 1029 248 1103 Quam
264 1033 325 1094 veri
339 1031 449 1116 majora
463 1031 531 1094 fide.
576 1032 665 1095 Stetit
679 1053 795 1117 oequore
810 1033 919 1117 puppis

145 1127 235 1190 Haud
251 1129 343 1207 aliter,
359 1130 448 1214 quim
462 1130 485 1192 si
501 1130 611 1192 siccum
626 1130 730 1192 navale
739 1143 870 1194 teneret.
1056 1132 1118 1195 245

145 1224 190 1287 llli
206 1227 383 1289 admirantes
398 1248 544 1289 remorum
559 1227 589 1289 in
604 1227 726 1289 verbere
741 1241 889 1311 perstant:
1191 1225 1195 1233 ’

146 1321 282 1406 Velaquc
298 1323 466 1399 deducunt3
489 1321 665 1406 geminique
681 1344 739 1406 ope
754 1344 869 1385 currere
884 1335 1009 1387 tentant.

146 1419 314 1503 Impediunt
329 1420 445 1482 hederae
459 1441 566 1498 remos,
581 1440 720 1504 nexuque
732 1428 865 1482 *recurvo

147 1516 294 1598 Serpunt3
315 1531 346 1579 et
361 1517 485 1599 gravidis
500 1517 673 1598 distringunt
688 1517 755 1579 vela
768 1516 927 1600 corymbis.

76 1696 79 1702 .
146 1613 225 1696 lpse,
241 1610 417 1677 racemiferis
433 1613 557 1677 hontem
571 1613 767 1677 circumdatus
781 1615 858 1693 uvis,
1043 1615 1118 1704 ‚250

146 1711 315 1794 Pampineis
331 1713 420 1795 agitat
435 1713 562 1774 velatam
578 1710 726 1775 frondibus
740 1712 865 1775 hastam.

145 1807 248 1882 Quem
263 1810 340 1872 circa
354 1810 452 1892 tigres,
467 1810 682 1893 simulacraque
697 1809 794 1871 inania
807 1809 941 1893 lyncum,

144 1905 355 1991 Pictorumque
367 1907 468 1992 jacent
483 1907 544 1970 fera
557 1928 680 1991 corpora
694 1907 912 1991 pantherarum.
992 1926 1002 1934 ⁸

187 2003 344 2068 Exsiluere
360 2005 431 2083 viri3
454 2006 516 2068 sive
532 2006 589 2068 hoc
603 2005 715 2067 insania
730 2003 810 2082 ecit,
910 2049 915 2058 ,
1175 2089 1178 2095 Ι

145 2101 215 2164 Sive
231 2103 333 2165 timor:
357 2104 527 2186 primusque
543 2102 658 2165 Medon
673 2103 838 2194 nigrescere
854 2102 950 2185 pinnis
1055 2105 1118 2168 255

144 2198 280 2283 Corpore
297 2200 447 2284 depresso,
463 2213 493 2263 et
507 2201 597 2283 spinae
613 2190 782 2263 curvamina
797 2198 877 2262 flecti

143 2296 260 2380 Incipit.
306 2298 385 2361 Huic
401 2298 549 2381 Lycabas,
565 2296 629 2373 “,ln
645 2318 709 2380 quae
725 2296 896 2374 miracula,’'
913 2296 998 2374 dixit,

143 2400 163 2432 “
176 2392 306 2456 Verteris
314 2395 348 2456 i”
372 2408 402 2456 et
416 2395 464 2455 lati
481 2395 579 2470 rictuS,
595 2408 626 2456 et
640 2394 737 2477 panda
751 2394 882 2476 loquenti

144 2490 231 2553 Naris
246 2505 318 2567 erat,
333 2481 544 2573 squamamque
558 2490 633 2552 cutis
648 2491 751 2551 durata
764 2489 909 2552 tmhebat.

144 2587 188 2649 At
203 2587 307 2671 Libys,
322 2588 471 2649 obstantes
487 2585 557 2674 dum
572 2586 635 2649 vult
649 2587 803 2650 obvertere
817 2587 926 2653 remos.
974 2641 976 2646 .
1055 2591 1119 2656 260

144 2682 178 2746 ln
194 2685 320 2768 spatium
334 2683 444 2746 resilire
458 2705 562 2746 manus
575 2685 667 2747 breve
681 2685 771 2762 vidit3
794 2699 825 2749 et
839 2686 904 2750 illas

144 2781 213 2844 Jam
228 2803 287 2844 non
303 2802 368 2844 esse
383 2801 488 2843 manus
497 2803 506 2858 ;
524 2781 587 2866 jam
602 2782 706 2865 pinnas
721 2804 807 2866 posse
823 2783 932 2847 vocari.

66 2956 68 2959 Ι
143 2879 230 2942 Alter
244 2879 281 2941 ad
297 2879 419 2941 intortos
434 2879 557 2962 cupiens
573 2879 641 2942 dare
657 2880 776 2944 brachia
790 2880 884 2958 funes,

143 2975 273 3040 Brachia
286 2998 345 3039 non
361 2976 483 3052 habuit;
505 2989 668 3060 truncoque
683 2978 831 3061 repandus
845 2979 875 3042 in
890 2978 984 3043 undas

143 3074 278 3157 Corpore
294 3074 420 3136 desiluit.
466 3073 589 3136 Falcata
602 3075 761 3138 novissima
774 3076 870 3139 cauda
884 3090 947 3141 est:
1055 3079 1118 3142 265
1221 3125 1224 3129 ψ

144 3172 253 3246 Qualia
268 3172 391 3234 dividuae
406 3172 556 3234 sinuantur
569 3194 678 3235 cornua
692 3174 778 3237 lunae.

144 3269 284 3353 Undique
300 3270 371 3332 dant
385 3270 491 3331 saltus:
514 3270 667 3353 multique
682 3272 855 3354 adspergine
871 3285 984 3336 rorant:

145 3367 367 3450 Emerguntque
383 3368 506 3443 iterum3
528 3368 710 3451 redeuntque
725 3370 779 3432 sub
794 3391 911 3454 aequora
924 3391 1039 3433 rursus:

144 3463 238 3548 Inque
253 3465 335 3526 chori
350 3465 455 3527 ludunt
469 3465 618 3548 speciem:
640 3460 808 3552 lascivaque
819 3466 931 3551 jactant

146 3562 297 3647 Corpora3
319 3577 350 3626 et
364 3576 522 3647 acceptum
536 3563 643 3648 patulis
657 3584 738 3627 mare
752 3565 870 3627 naribus
884 3563 996 3629 efflant.
1054 3569 1118 3632 270
