2536 4252
164 409 227 470 134
476 415 824 466 muranonrnosnou
841 433 846 447 ·

162 563 282 629 Occidit
296 588 314 629 a
328 566 393 629 sorti
411 567 468 652 (sic
483 588 536 629 vos
551 564 698 651 voluistis)
717 565 846 628 Achille.
1008 544 1011 549 .
1077 569 1145 631 590

53 687 58 696 ·
155 662 223 741 Da,
239 686 352 747 precor,
369 665 436 727 buic
452 665 590 749 aliquem,
604 664 709 727 solatia
722 664 833 741 mortis,
848 663 1003 743 honorem,

163 761 285 826 Summe
300 762 389 825 delam
403 777 508 840 rector,
523 777 714 846 maternaque
729 760 850 824 vulnera
865 761 946 824 leni!

203 859 322 943 Jupiter
336 873 478 923 annuerat
487 881 496 937 ;
518 861 587 923 cum
602 859 773 922 Memnonis
789 859 897 923 arduus
912 860 972 923 alto

162 956 283 1020 Corruit
298 958 364 1040 igne
378 979 477 1040 rogus,
492 958 625 1041 nigrique
641 956 791 1020 volumina
805 956 877 1020 furni

128 1046 296 1117 'Insecare
311 1056 408 1118 diem:
431 1055 523 1119 veluti
538 1055 606 1117 oinn
623 1054 743 1118 flumina
757 1068 840 1119 natas
957 1125 964 1134 ,
1007 1072 1013 1084 ·
1075 1058 1141 1119 595

163 1151 315 1215 Exhalant
330 1153 462 1230 nebulas,
477 1174 533 1215 nec
549 1152 592 1215 sol
610 1153 772 1216 admittitur
785 1152 869 1216 infra.

163 1251 238 1313 Atra
254 1250 351 1313 favilla
367 1250 456 1328 volat,
472 1251 692 1334 glomerataque
707 1271 814 1333 corpus
829 1249 859 1312 in
876 1272 967 1313 unum
1010 1324 1016 1333 ι

163 1347 331 1425 Densatur;
352 1347 517 1432 faciemque
532 1348 632 1433 capit:
655 1347 802 1431 sumitque
817 1347 946 1410 calorem

163 1447 264 1530 Atque
280 1447 408 1509 animam
423 1468 463 1508 ex
479 1446 548 1527 igni.
593 1445 715 1509 Levitas
729 1465 783 1507 sua
798 1445 1007 1528 prebuit-alas.

103 1600 108 1610 .
162 1543 204 1606 Et
220 1545 314 1626 primb
329 1545 429 1607 similis
445 1544 568 1622 volucri,
582 1566 654 1608 mox
670 1564 740 1606 vera
755 1542 881 1606 volucris
1074 1545 1140 1608 600

162 1640 295 1705 lnsonuit
309 1642 424 1726 pennis.
468 1640 584 1717 Pariter
598 1641 722 1704 sonuere
737 1661 850 1704 sorores

161 1740 336 1823 Innumerae,
353 1741 457 1824 quibus
472 1753 518 1803 est
532 1739 639 1802 'eadem
653 1739 757 1802 natalis
772 1739 863 1821 origo.

160 1837 282 1922 Terque
298 1860 400 1920 rogum
416 1839 555 1901 lustrant:
579 1851 609 1899 et
623 1858 769 1900 consonus
784 1837 848 1900 exit'
862 1836 891 1899 in
906 1856 991 1900 auras

160 1935 225 1999 Ter
238 1937 374 2019 clangor:
398 1951 501 2020 quarto
515 1935 660 1998 seducunt
675 1948 770 1998 castra
785 1935 895 2013 volatu.

160 2033 242 2097 Tum
258 2035 318 2096 duo
333 2033 449 2097 divorsa
464 2033 567 2117 populi
582 2033 620 2095 de
636 2047 719 2117 parte
735 2032 849 2096 seroces
998 2064 1003 2077 ι
1071 2033 1139 2098 605

160 2132 248 2196 Bella
262 2146 377 2216 gerunt,
392 2133 559 2218 rostrisque,
575 2143 606 2194 et
621 2131 741 2194 aduncis
755 2131 902 2213 unguibus
916 2128 975 2194 iras

160 2231 324 2309 Exercent,
340 2232 460 2315 alasque
476 2231 657 2314 adversaque
672 2244 794 2312 pectora
809 2228 934 2292 lassant:

159 2329 332 2413 Inseriaeque
347 2328 458 2391 cadunt
472 2328 562 2391 cineri
577 2341 704 2410 cognata
720 2326 837 2410 sepulto

160 2427 312 2511 Corpora:
336 2448 429 2510 seque
447 2426 508 2489 viro
523 2425 589 2489 sorti
604 2423 766 2487 meminere
780 2437 905 2487 creatas.

202 2525 386 2609 Praepetibus
399 2524 502 2589 subitis
516 2545 624 2588 nomen
640 2521 711 2586 lacit
724 2536 845 2599 auctor3
866 2522 904 2585 ab
918 2520 969 2585 illo
1040 2540 1045 2546 ·
1071 2523 1136 2587 610

158 2623 367 2687 Memnonides
381 2624 477 2699 dictae,
492 2623 561 2700 clam
576 2621 619 2684 sol
635 2620 772 2701 duodena
788 2621 902 2704 peregit
957 2701 961 2709 Ι

159 2722 259 2804 Signa,
276 2720 417 2804 parentali
433 2720 567 2802 periturae
583 2716 682 2780 Marte
698 2718 850 2781 rebellant.
916 2758 922 2768 ¹

83 2856 89 2863 ·
159 2819 240 2902 Ergo
255 2820 316 2882 aliis
330 2817 451 2881 latrasse
467 2815 653 2900 Dymantida
667 2814 768 2878 flebile
781 2817 893 2879 visum:
996 2881 998 2886 ,

157 2917 302 2981 Luctibus
317 2930 361 2980 est
376 2916 493 2978 Aurora
506 2914 565 2977 suis
579 2914 700 2991 intenta,
715 2914 838 2998 piasque
1052 2991 1053 2994 Ἴ

158 3013 248 3080 Nunc
264 3034 381 3101 quoque
396 3012 447 3076 dat
460 3012 617 3099 lacrymas,
631 3026 662 3075 et
676 3025 740 3075 toto
754 3024 832 3076 rorat
846 3010 876 3076 in
891 3011 975 3076 orbe.
1069 3012 1134 3076 615
