2536 4252
144 393 188 457 63
461 399 809 449 METAMORPHOSEON

144 549 238 614 Venit
252 565 282 613 et
297 550 333 638 ad
350 548 496 634 Cyanen:
519 571 566 625 ea,
581 549 611 611 ni
625 563 738 612 mutata
752 548 863 626 fuisset,

143 648 253 730 Omnia
267 648 422 725 narrasset,
437 647 490 709 sed
505 662 536 710 et
549 669 583 710 os
598 660 628 709 et
643 648 741 729 lingua
753 647 863 710 volenti

143 745 254 808 Dicere
270 768 328 807 non
344 735 480 808 aderant:
504 767 571 821 nec,
587 767 646 829 quo
660 746 840 828 loqueretur,
856 744 995 808 hab'ebat.

41 839 44 851 '
144 844 235 926 Signa
249 858 348 907 tamen
358 835 518 906 manifesta
533 844 630 906 dedit:
654 856 813 928 notamque
828 843 953 927 parenti,
1055 845 1119 908 305

143 941 199 1004 Illo
214 941 288 1005 som'e
304 943 369 1004 loco
384 943 546 1026 delapsam,
561 941 674 1024 gurgite
694 962 777 1004 sacro

40 1085 44 1092 -
143 1039 351 1124 Persephones
359 1061 471 1114 ,zonam
485 1040 606 1101 summis
620 1039 747 1102 ostendit
761 1039 792 1102 in
806 1038 903 1101 undis.

143 1137 247 1211 Quam
262 1138 348 1213 simul
363 1138 493 1218 agnovit,
509 1151 649 1220 tanquam
663 1151 726 1199 tum
742 1136 869 1220 denique
883 1149 999 1221 raptam

144 1234 265 1313 Scisset,
281 1235 426 1299 inomatos
442 1235 561 1298 laniavit
577 1235 645 1297 diva
659 1234 797 1318 capillos:

77 1400 80 1405 Α
144 1332 186 1395 Et
200 1335 324 1418 repetita
338 1334 397 1396 suis
414 1333 555 1418 percussit
571 1346 691 1416 pectora
705 1331 820 1416 palmis.
993 1392 1004 1425 ι
1056 1333 1120 1396 310

144 1429 211 1494 Nec
226 1432 280 1494 scit
295 1431 391 1494 adhuc
406 1432 523 1494 ubisit:
547 1446 636 1494 terras
652 1446 751 1493 tamen
767 1427 899 1513 increpat
913 1450 1016 1493 omnes
1025 1450 1035 1508 ;

144 1526 333 1613 Ingratasque
351 1545 446 1606 vocar,
462 1551 518 1591 nec
534 1529 649 1611 frugum
664 1549 785 1590 munere
800 1528 913 1610 dignas.

144 1624 327 1697 Trinacriam
342 1641 410 1688 ante
425 1627 506 1702 alias,
521 1626 550 1688 in
566 1625 626 1709 qud
640 1627 762 1706 vestigia
776 1625 875 1688 damni
971 1683 974 1688 .

145 1721 281 1806 Repetit.
327 1722 408 1806 Ergo
423 1724 481 1787 illic
496 1723 575 1786 savia
592 1724 734 1786 vertentia
747 1723 848 1806 glebas

144 1821 247 1904 Fregit
262 1820 355 1885 aratra
369 1845 458 1885 manu
471 1843 479 1898 ;
501 1822 643 1906 parilique
658 1823 729 1884 irata
742 1823 863 1884 colonos
1054 1822 1121 1886 315

144 1918 360 2004 Ruricolasque
374 1921 466 1983 boves
481 1920 541 1983 leto
555 1920 636 1983 dedit
645 1941 654 1997 ;
676 1940 803 2003 arvaque
818 1918 906 2003 jussit
937 1930 942 1937 '

144 2017 262 2080 Fallere
278 2019 455 2100 depositum,
472 2018 629 2102 vitiataque
643 2018 756 2080 semina
770 2016 850 2080 lecit.

130 2109 291 2179 ¹Fertilitas
305 2130 398 2193 terra,
411 2117 504 2179 latum
520 2116 637 2198 vulgata
653 2137 707 2199 per
720 2117 832 2193 orbem,
878 2188 882 2194 ι

144 2213 238 2278 Cassa
248 2214 345 2299 jacet:
369 2215 469 2298 primis
483 2229 599 2297 segetes
614 2215 776 2277 moriuntur
790 2215 820 2277 ln
835 2213 949 2277 herbis:
1081 2296 1085 2305 ι

144 2310 186 2375 Et
200 2313 290 2374 modb
305 2313 347 2374 sol
364 2313 479 2390 nimius,
494 2313 599 2374 nimius
614 2302 703 2375 modb
718 2313 835 2395 corripit
850 2312 953 2374 imber.
1054 2312 1120 2375 320

143 2409 315 2494 Sideraque,
332 2410 471 2495 ventique
486 2425 611 2474 nocent:
635 2411 786 2495 avideque
802 2411 937 2473 volucres

118 2501 121 2505 ’
143 2507 263 2570 Semina
274 2507 353 2594 jacta
369 2509 487 2591 legunt:
511 2506 622 2585 lolium,
638 2510 792 2593 tribulique
808 2509 929 2590 fatigant
952 2559 955 2565 .

142 2605 286 2668 Triticeas
301 2628 422 2681 messes,
438 2622 467 2668 ct
482 2606 710 2688 inexpugnabile
729 2628 860 2688 gramen.

101 2704 106 2710 ’
185 2704 268 2765 Tbm
281 2688 373 2786 caput
388 2702 470 2763 Eleis
485 2702 631 2784 Alpheias
646 2704 752 2765 extulit
766 2706 867 2768 undis:
899 2687 902 2695 ‚

121 2797 349 2884 ”Rorantesque
365 2821 464 2862 comas
480 2821 497 2862 a
511 2799 605 2862 sronte
620 2801 746 2863 removit
760 2803 796 2864 ad
812 2825 913 2866 aures.
1054 2804 1125 2866 325·

143 2900 244 2982 Atque
260 2899 316 2961 ait:
341 2897 389 2960 ‘O
405 2913 466 2961 toto
481 2899 606 2982 quaesite
622 2900 739 2982 virginis
754 2901 835 2978 orbe,

143 2995 185 3080 Et
200 2997 313 3080 frugum
330 2997 466 3078 genitrix,
482 2998 640 3060 immensos
655 2999 724 3061 siste
740 2999 869 3062 labores:

143 3093 230 3157 Neve
245 3094 296 3157 tibi
312 3095 375 3156 lidae
392 3094 519 3156 violenta
534 3088 657 3157 irascere
674 3110 767 3158 terra.

142 3192 237 3254 Terra
252 3192 322 3255 nihil
338 3192 463 3254 meruit:
487 3193 640 3276 patuitque
656 3194 746 3255 invita
760 3195 877 3277 rapinae.
1090 3258 1096 3269 ,

142 3289 210 3353 Nec
225 3313 288 3352 sum
305 3312 358 3373 pro
375 3290 467 3372 patriai
482 3291 628 3374 supplex:
652 3292 711 3354 huc
727 3293 841 3375 hospita
857 3293 935 3354 veni.
1054 3294 1118 3356 330

141 3388 212 3450 Pisa
226 3389 297 3451 mihi
314 3387 407 3471 patria
420 3401 483 3464 est;
505 3404 535 3452 et
550 3391 586 3451 ab
603 3389 690 3452 Elida
707 3391 840 3452 ducimus
855 3404 961 3452 ortum.

136 3485 289 3549 Sicaniam
305 3485 458 3570 peregrina
472 3487 557 3550 colo:
581 3488 632 3549 sed
648 3489 755 3570 gratior
769 3489 849 3551 omni
935 3481 939 3489 ⁵

141 3579 216 3645 Hac
230 3582 302 3646 mihi
317 3583 470 3647 terra'solu
485 3597 541 3648 est.
587 3583 652 3648 Hos
666 3607 745 3648 nunc
761 3586 912 3650 Arethusa
925 3598 1061 3671 penates,
