2536 4252
517 369 624 419 ursan
648 326 722 421 xm.
906 393 911 410 ·
1003 346 1006 351 ’
1045 363 1106 424 117

132 517 238 585 Mallet
252 532 283 582 et
297 517 399 583 infelix
414 518 591 583 Palamedes
606 541 670 581 esse
685 519 814 582 relictus.
903 542 911 553 ·

133 617 274 695 Viveret3
296 632 347 680 aut
361 619 441 681 certe
456 616 549 680 letum
564 617 627 680 sine
641 617 762 680 crimine
777 617 911 680 haberet.

132 715 234 791 Quem
249 717 327 779 male
342 716 469 778 convicti
484 715 607 778 nimium
621 736 736 777 memor
750 716 804 777 iste
820 714 921 778 suroris

38 900 40 902 Ι
107 839 111 846 ·
131 813 262 877 Prodere
279 835 342 877 rem
357 813 611 877 Danaamfinxit:
634 813 794 897 fictumque
810 813 944 897 probavit

132 910 266 988 Crimen,
282 924 312 974 et
327 911 464 988 ostendit,
480 910 559 995 quod
569 909 632 995 jam
652 909 834 994 praefoderat,
850 932 963 973 aurum.
1065 913 1108 976 60

174 1008 257 1090 Ergo
272 1023 323 1072 aut
337 1008 442 1071 exsilio
457 1009 534 1071 vires
548 1008 689 1071 subduxit
704 1008 839 1085 Achivis,

104 1116 116 1135 ⁴
131 1107 195 1170 Ant
210 1128 297 1170 nece.
341 1106 391 1170 Sic
407 1119 529 1190 pugnat,
544 1106 586 1170 sic
601 1119 646 1170 est
660 1106 847 1183 metuendus,
861 1105 1000 1190 Ulysses.

132 1202 206 1289 Qui,
221 1204 291 1268 licet
305 1204 422 1291 eloquio
435 1204 526 1267 fidum
542 1225 659 1288 quoque
675 1202 803 1266 Nestora
817 1204 927 1281 vincat,

131 1300 222 1364 Haud
237 1316 335 1365 tamen
352 1302 470 1379 efficiet,
486 1301 634 1365 desertum
649 1316 682 1364 ut
697 1300 824 1364 Nestora
838 1302 950 1364 crimen

62 1465 64 1472 ,
132 1399 208 1462 Esse
222 1422 287 1462 rear
301 1401 425 1462 nullum.
470 1398 545 1477 Qui,
560 1400 629 1462 crim
644 1400 812 1483 imploraret
826 1398 971 1484 Ulyssem
1064 1400 1107 1464 65

133 1496 264 1562 Vulnere
279 1498 378 1561 tardus
393 1498 471 1583 equi,
487 1497 639 1581 fessusque
654 1497 793 1560 senilibus
808 1498 901 1576 annia,

132 1594 270 1659 Proditus
285 1618 302 1658 a
316 1597 395 1659 socio
411 1609 466 1659 est.
511 1594 580 1658 Non
596 1595 658 1658 haec
673 1595 745 1658 mihi
760 1596 881 1659 crimina
896 1596 964 1680 fingi

132 1692 194 1756 Scit
208 1694 285 1755 bene
300 1693 452 1777 Tydides:
477 1693 526 1778 qui
541 1693 660 1756 nomine
674 1715 754 1776 saepe
770 1708 907 1758 vocatum

98 1859 104 1865 ,
132 1789 300 1874 Corripuit;
322 1792 496 1876 trepidoque
511 1790 610 1874 lugam
625 1792 813 1874 exprobravit
828 1792 934 1856 amico.

131 1887 310 1971 Adspiciunt
324 1890 415 1952 oculis
430 1890 528 1973 superi
543 1890 675 1952 mortalia
686 1889 782 1974 justis.
1064 1893 1107 1978 70

132 1984 179 2047 En
196 2007 264 2068 eget
278 1987 398 2064 auxilio,
414 1989 463 2072 qui
478 2010 537 2050 non
553 1988 635 2051 tulit:
658 2003 750 2072 utque
758 1989 892 2073 reliquit,

131 2081 181 2145 Sic
197 2084 371 2168 linquendus
387 2098 458 2147 erat.
504 2084 620 2167 Legem
635 2085 688 2147 sibi
708 2085 823 2148 dixerat
836 2087 912 2169 ipse.

131 2179 307 2244 Conclamat
322 2183 427 2243 socios.
472 2181 608 2258 Adsum3
630 2172 776 2266 videoque
791 2197 978 2262 trementem,

105 2348 108 2353 ,
132 2277 358 2362 Pallentemque
373 2291 465 2355 metu,
481 2300 516 2341 ac
531 2279 726 2362 trepidantem
741 2295 835 2342 morte
850 2279 957 2344 sutura.
989 2270 992 2275 ¹

131 2376 268 2459 Opposui
283 2378 391 2439 molem
406 2377 525 2459 clypei;
548 2378 669 2460 texique
680 2377 850 2461 jacentem3
1064 2383 1107 2444 75

131 2473 313 2557 Servavique
328 2473 456 2535 animam
474 2472 642 2558 (minimum
657 2488 700 2536 est
716 2475 773 2536 hoc
787 2473 896 2559 laudis)
914 2475 1049 2538 inertem.

131 2570 163 2634 Si
180 2587 291 2654 perstas
306 2585 429 2646 certare,
444 2570 542 2632 locum
557 2570 711 2633 redeamus
726 2571 754 2634 in
769 2573 880 2636 ullum:

131 2667 240 2731 Redde
255 2669 382 2745 hostem,
397 2667 562 2752 vulnusque
578 2682 672 2746 tuum,
686 2670 863 2754 solitumque
878 2671 1031 2750 timorem:

130 2765 203 2828 Post
218 2766 419 2850 clypeumque
434 2765 514 2829 late:
538 2780 568 2829 et
582 2789 699 2830 mecum
714 2769 861 2832 contende
875 2769 930 2832 sub
945 2767 1006 2834 isso.

130 2863 174 2926 At
189 2878 345 2947 postquam
360 2864 472 2948 eripui;
494 2865 541 2928 cui
556 2866 651 2928 standi
667 2867 788 2929 vulnera
804 2868 879 2929 vires
1064 2869 1107 2933 80

131 2960 200 3024 Non
216 2961 367 3038 dederant,
382 2963 463 3025 nullo
477 2963 606 3025 tardatus
622 2965 742 3026 vulnere
754 2963 836 3046 sugit.

174 3060 288 3123 Hector
302 3062 395 3137 adest,
410 3082 572 3145 secumque
588 3061 659 3124 deos
669 3062 704 3125 'in
720 3063 824 3146 proelia
839 3063 940 3128 ducit:
973 3097 975 3100 ·

132 3157 264 3242 Quique
276 3146 347 3237 ruit,
362 3182 421 3222 non
436 3174 467 3222 tu
483 3162 597 3223 tannim
613 3163 739 3239 terreris,
755 3161 877 3246 Ulysse,

132 3257 193 3320 Sed
209 3257 296 3320 sortes
312 3258 420 3319 etiam:
445 3273 559 3320 tantum
575 3260 660 3321 trahit
677 3260 725 3322 ille
740 3260 861 3323 timoris

133 3354 222 3417 Hunc
238 3378 294 3437 ego
310 3355 476 3436 sanguineae
491 3376 628 3418 successu
644 3357 731 3425 caedis
747 3373 884 3420 ovantem
1063 3357 1106 3421 85

132 3452 276 3515 Cominus
292 3453 401 3534 ingenti
418 3453 588 3535 resupinum
604 3453 733 3536 pondere
749 3454 821 3516 sudi.
892 3460 895 3466 ’

64 3540 65 3544 “
134 3548 222 3614 Hunc
238 3574 294 3632 ego
310 3566 493 3635 poscentem,
504 3546 577 3613 'cum
593 3574 652 3636 quo
667 3563 864 3628 concurreret,
879 3572 955 3629 unus
1011 3610 1015 3631 ,
