2536 4252
522 385 632 436 mana
655 384 728 437 xm.
835 445 837 450 f
1061 375 1123 439 138

103 592 106 599 .
144 521 288 612 Latravit,
302 547 408 597 conata
422 534 513 618 loqui.
557 533 659 597 Locus
674 547 782 614 exstat,
796 547 828 597 et
842 555 883 597 ex
896 554 930 597 re

144 630 263 694 Nomen
280 632 386 695 habet:
409 647 603 715 veterumque
619 631 669 694 diu
683 653 798 696 memor
811 631 861 696 illa
874 631 1031 710 malorum,

143 727 232 791 Tum‘
241 751 359 814 quoque
375 729 524 801 Sithonios
538 729 662 795 ululavit
675 743 783 795 moesta
797 751 851 813 per
864 750 961 812 agros.

144 825 226 889 lllius
240 824 395 910 Troasque
410 848 489 904 suos,
504 827 662 910 hostesque
676 826 831 909 Pelasgos,
1058 827 1122 890 565

144 922 225 986 Illius
240 922 355 986 fortuna
369 924 441 992 deos
457 945 575 1009 quoque
590 938 724 989 moverat
737 946 858 989 omnes:

144 1021 195 1089 Sic
208 1043 322 1098 omnes,
337 1035 371 1084 ut
386 1035 416 1084 et
430 1022 494 1106 ipsa
506 1021 591 1087 Jovis
604 1020 775 1107 conjuxque
788 1043 929 1106 sororque

145 1117 279 1181 Eventus
295 1116 453 1183 Hecubam
467 1121 609 1185 meruisse
623 1121 775 1203 negaverit
789 1121 864 1186 illos.

310 1324 477 1367 MEMNONIS
501 1324 640 1367 cluuuns
663 1325 697 1367 IN
719 1324 799 1368 AVES
821 1324 957 1368 nuum.

573 1494 603 1536 v.
620 1475 694 1536 576.

187 1606 256 1670 Non
272 1621 358 1670 vacat
372 1609 506 1685 Aurora,
521 1629 690 1692 quanquam
704 1605 799 1690 isdem
813 1605 927 1671 faverat
939 1605 1037 1686 annis,

145 1704 299 1783 Cladibus,
314 1720 345 1769 et
359 1728 429 1779 casu
444 1704 603 1791 Trojaeque
619 1704 812 1790 Hecubaeque
827 1705 951 1769 moveri.
980 1784 982 1788 y
1017 1769 1020 1773 ,
1049 1707 1125 1791 ,5Ἰο

145 1802 227 1866 Cura
242 1804 329 1867 deam
343 1803 473 1888 propior,
486 1804 643 1888 luctusque
658 1803 836 1869 domesticus
850 1803 933 1886 augit
979 1800 984 1806 ’

145 1900 316 1964 Memnonis
331 1900 438 1980 amissi,
454 1901 593 1986 Phrygiis
609 1923 698 1988 quem
712 1901 794 1967 lutea
807 1903 922 1989 campis
952 1984 954 1990 .

146 1998 228 2067 Vidit
244 1999 383 2063 Achillea
397 2015 573 2085 pereuntem
586 2000 709 2087 cuspide
723 2013 829 2065 mater.

146 2095 248 2173 Vidit3
270 2111 301 2160 et
314 2098 364 2161 ille
378 2099 470 2177 color,
479 2121 544 2182 quo
560 2098 703 2161 matutina
717 2098 877 2163 rubescunt

145 2191 307 2278 Tempora,
323 2195 484 2279 palluerat:
507 2195 650 2279 latuitque
665 2194 694 2258 in
709 2194 835 2261 nubibus
850 2194 952 2259 ather.
1059 2195 1124 2260 575

189 2294 232 2355 At
246 2315 305 2356 non
320 2294 472 2378 impositos
486 2293 632 2377 supremis
646 2292 760 2376 ignibus
774 2306 854 2357 araus
1112 2302 1116 2309 '

146 2381 290 2454 Sustinuit
304 2404 438 2476 spectare
453 2411 577 2475 parens:
599 2391 652 2454 sed
666 2389 746 2456 crine
760 2378 868 2467 solum,
951 2423 954 2431 ·

145 2489 232 2560 Sicut
247 2504 319 2567 erat,
336 2489 434 2571 magni
449 2489 573 2571 genibus
587 2487 780 2571 procumbere
794 2508 854 2551 non
869 2499 915 2549 est

145 2586 317 2669 Dedignata
331 2586 427 2665 Jovis,
440 2584 637 2670 lacrymisque
652 2585 705 2648 has
720 2584 829 2651 addere
844 2606 952 2650 voces:

146 2683 313 2747 ‘Omnibus
328 2677 454 2763 inferior,
469 2705 542 2769 quas
555 2683 680 2749 sustinet
694 2704 800 2748 aureus
814 2684 916 2764 ather,
1060 2684 1127 2751 58⁰

44 2797 50 2804 “
148 2783 243 2870 (Nam
257 2784 330 2848 mihi
343 2798 413 2849 sunt
426 2797 519 2851 totum
534 2782 677 2848 rarissima
692 2782 805 2867 templa
818 2804 873 2867 per
887 2780 1006 2868 orbem)

146 2882 227 2945 Diva
241 2897 340 2945 tamen
355 2883 460 2946 venio:
483 2903 542 2946 non
557 2895 590 2944 ut
598 2881 737 2959 delubra,
752 2881 875 2965 diesque

146 2979 211 3045 Des
225 2981 296 3043 mihi
311 2981 467 3058 sacrificos,
480 2979 675 3064 caliturasque
690 2979 806 3061 ignibus
819 2999 894 3043 aras.

146 3078 178 3141 Si
194 3094 292 3141 tamen
308 3080 463 3163 adspicias,
479 3078 621 3163 quantlrm
636 3077 689 3140 tibi
703 3076 824 3141 soemina
839 3091 991 3162 praestem,

141 3175 228 3239 -Tum
242 3177 312 3240 clrm
326 3177 392 3240 luce
407 3177 487 3240 noval
499 3175 594 3239 noctis
608 3175 734 3239 confinia
748 3198 845 3254 servo,
977 3250 979 3255 Ι
1061 3176 1136 3259 585,

150 3275 272 3337 Praemia
287 3275 383 3337 danda
397 3288 495 3358 putes.
540 3272 603 3335 Sed
617 3295 676 3336 non
691 3295 728 3336 ea
741 3295 812 3337 cura
821 3296 830 3352 ;
851 3295 950 3359 neque
965 3271 1014 3336 hic
1028 3283 1075 3335 est

148 3373 236 3436 Nunc
251 3386 343 3435 status
360 3373 492 3448 Aurorae,
507 3370 627 3434 meritos
641 3385 675 3434 ut
689 3386 792 3454 poscat
807 3372 945 3435 honores.

149 3470 318 3534 Memnonis
332 3471 403 3534 orba
417 3469 476 3533 mei
492 3469 596 3532 venio:
621 3469 671 3552 qui
685 3467 771 3532 sortia
786 3468 891 3532 frustra

138 3570 209 3633 Pro
223 3582 328 3654 patruo
342 3568 408 3632 tulit
423 3591 503 3634 arma
517 3588 590 3647 suo;
612 3568 772 3653 primisque
787 3567 842 3630 sub
857 3567 941 3630 annis

408 3670 448 3730 12
