2536 4252
194 407 216 466 2
514 402 864 454 METAMORPHOSEON

194 559 245 623 Sic
260 571 322 622 erat
336 557 476 620 instabilis
490 557 588 634 tellus,
603 555 737 618 innabilis
751 553 841 630 unda,

194 653 288 721 Lucis
303 677 393 739 egens
404 660 470 718 a'a'r:
493 655 566 717 nulli
581 677 634 716 sua
648 653 741 716 forma
754 652 901 714 manebat.

195 755 400 839 Obstabatque
414 754 477 816 aliis
492 753 585 835 aliud:
616 753 684 836 quia
698 772 820 834 corpore
835 750 864 811 in
879 770 938 811 uno

195 853 315 936 Frigida
329 853 499 936 pugnabant
512 851 625 928 calidis,
640 849 790 912 humentia
803 848 899 924 sicciS,

195 950 301 1014 Mollia
315 971 384 1012 cum
399 948 489 1026 duris,
503 948 565 1011 sine
581 948 712 1032 pondere
728 946 864 1008 habentia
879 945 1005 1042 pondup.

237 1048 333 1111 Hanc
341 1047 426 1110 Deus
441 1059 472 1109 et
485 1047 589 1109 melior
602 1047 685 1108 litem
699 1043 729 1107 N
732 1058 813 1107 atura
828 1044 959 1107 diremit:

195 1145 275 1210 Nam
289 1145 368 1209 coelo
381 1159 482 1222 terras,
497 1158 528 1207 et
541 1143 624 1207 terris
639 1142 761 1205 abscidit
774 1142 877 1220 undas,

196 1242 238 1306 Et
251 1243 394 1328 liquidum
409 1242 503 1326 spisso
517 1241 643 1304 secrevit
657 1242 693 1302 ab
708 1243 776 1302 a'e're
790 1241 912 1303 coelum.

196 1340 273 1415 Quae
288 1355 446 1425 postquam
460 1339 582 1417 evolvit,
595 1361 735 1423 cecoque
750 1340 861 1402 exemit
875 1360 992 1416 acervo,

197 1439 363 1503 Dissociata
376 1440 449 1503 locis
463 1438 602 1501 concordi
613 1459 688 1522 pace
702 1437 813 1519 ligavit.

196 1536 288 1619 Ignea
302 1536 430 1598 convexi
445 1536 534 1597 viset
549 1536 611 1596 sine
627 1535 756 1617 pondere
771 1535 840 1597 coeli

197 1633 339 1711 Emicuit,
354 1632 528 1715 summique
542 1632 642 1693 locum
656 1631 709 1692 sibi
723 1631 795 1713 legit
809 1631 838 1693 in
854 1653 931 1694 arce.

198 1731 355 1793 Proximus
370 1743 415 1792 est
429 1732 479 1790 ae‘r
493 1728 533 1791 illi
548 1728 679 1805 levitate,
693 1729 837 1812 locoque:

197 1827 325 1891 Densior
338 1827 384 1890 his
398 1828 501 1890 tellus:
525 1827 730 1910 elementaque
745 1825 863 1909 grandia
878 1826 985 1904 traxit3

198 1925 240 1987 Et
254 1947 354 2008 pressa
369 1938 413 1987 est
427 1923 570 2007 gravitate
584 1924 640 1986 sui.
686 1923 886 1987 Circumfluus
900 1925 1006 1987 humor

197 2021 311 2085 Ultima
325 2011 465 2106 possedit,
480 2022 664 2107 solidumque
678 2023 810 2086 codrcuit
828 2023 940 2086 orbem.

241 2120 291 2183 Sic
305 2120 355 2182 ubi
370 2120 551 2204 dispositam,
567 2121 695 2205 quisquis
710 2121 764 2185 fuit
777 2122 826 2184 ille
841 2122 974 2198 deorum,

198 2216 377 2300 Congeriem
392 2219 496 2296 secuit,
510 2233 682 2302 sectamque
697 2220 726 2281 in
740 2221 872 2281 membra
885 2219 1014 2301 redegit;

199 2316 347 2399 Principio
362 2330 479 2394 terram,
494 2339 531 2380 ne
546 2340 605 2380 non
621 2318 737 2400 aequalis
753 2318 790 2380 ab
804 2319 884 2379 omni

197 2413 286 2477 Parte
302 2415 385 2491 soret,
400 2416 498 2497 magni
512 2417 644 2499 speciem
659 2416 831 2497 glomeravit
846 2416 875 2477 in
894 2416 981 2479 orbis.

176 2547 178 2551 ·
198 2511 278 2573 Tum
293 2511 366 2575 freta
381 2513 514 2590 diffundi,
529 2514 695 2598 rabidisque
710 2527 874 2576 tumescere
890 2515 985 2577 ventis

197 2608 300 2684 Jussit,
315 2625 346 2671 et
361 2611 475 2672 ambita>
490 2611 671 2673 circumdare
686 2613 781 2674 littora
796 2626 889 2674 terrae.

197 2705 322 2767 Addidit
338 2720 368 2767 et
383 2705 490 2781 sontes,
505 2707 707 2789 immensaque
722 2722 835 2789 stagna,
849 2708 1008 2794 lacusque;
1056 2789 1058 2794 A

199 2800 396 2886 Fluminaque
412 2804 537 2887 obliquis
551 2804 644 2866 cinxit
659 2804 784 2866 declivia
798 2806 883 2889 ripis:

199 2897 277 2972 Quae
293 2899 407 2962 diversa
420 2901 493 2964 locis
508 2901 613 2985 partim
628 2902 780 2964 sorbentur
794 2904 831 2965 ab
846 2903 928 2987 ipsd3

198 2995 233 3059 ln
248 3019 327 3059 mare
342 2999 517 3081 perveniunt
532 3000 648 3083 partim,
662 3021 828 3085 campoque
843 3016 964 3086 recepta

201 3094 358 3157 Liben'oris
373 3118 467 3181 aquae,
482 3119 535 3181 pro
549 3097 619 3180 ripis
633 3099 730 3160 littora
744 3099 870 3182 pulsant.

197 3190 290 3254 Jussn
305 3210 334 3256 et
349 3193 470 3256 extendi
486 3217 618 3278 campoS,
633 3195 782 3259 subsidere
798 3198 900 3272 valles,

198 3289 318 3352 Fronde
333 3293 392 3374 tegi
407 3293 504 3370 silvas,
519 3293 666 3376 lapidosos
681 3315 798 3375 surgere
813 3308 940 3357 montes.

198 3386 300 3470 thue
316 3389 379 3451 duae
395 3389 501 3452 dextri
514 3392 634 3467 coelum,
649 3380 830 3476 totidemque
845 3393 960 3455 sinistrd

198 3484 287 3547 Parte
302 3503 403 3550 secant
418 3510 510 3566 zonae,
526 3489 626 3572 quinta
641 3505 685 3552 est
701 3490 847 3554 ardentior
861 3491 916 3553 illis
925 3514 934 3568 ;

198 3581 248 3647 Sic
264 3605 337 3650 onus
352 3585 497 3657 inclusum
511 3609 634 3653 numero
649 3589 780 3657 distinxit
794 3590 902 3655 eodem
