2536 4252
145 330 185 391 4ο
455 328 803 384 unruuonruosuou
863 282 869 298 ‚

142 485 208 550 Etsi
223 508 283 549 non
298 486 434 564 hominis,
450 507 539 570 quem
554 497 728 547 nontamen
743 481 832 545 edere
847 483 940 567 possit

141 583 270 661 Cervus,
285 584 391 647 habet:
414 584 587 667 moestisque
601 582 697 666 replet
706 579 780 665 juga
793 594 864 643 nota
878 580 1022 665 querelis:

142 682 184 746 Et
199 683 323 766 genibus
337 683 467 766 supplex
482 681 590 766 pronis,
604 679 763 763 similisque
778 679 902 762 roganti,
1060 680 1123 744 150

142 779 324 844 Circumfert
337 781 452 857 tacitos,
467 793 607 863 tanquam
621 799 673 842 sua
692 777 822 855 brachia,
837 776 946 839 vultus.

142 880 187 942 At
199 879 324 942 comites
338 877 473 961 rapidum
487 875 578 939 solitis
593 875 754 938 hortatibus
768 896 876 958 agmen

92 987 96 995 '
142 975 239 1059 lguari
254 976 401 1058 instigant,
416 973 567 1059 oculisque
583 972 725 1034 Actaoua
739 985 890 1057 quaerun13

144 1074 185 1137 Et
201 1075 283 1137 velut
297 1075 449 1137 absentem
463 1071 598 1136 certatim
614 1070 757 1133 Actaeona
768 1069 908 1133 clamant.

143 1173 194 1234 Ad
209 1194 317 1235 nomen
332 1185 423 1256 caput
437 1170 486 1234 ille
501 1169 606 1232 refert:
629 1182 662 1231 ut
676 1167 779 1230 abesse
799 1179 970 1252 queruntur,
1057 1168 1121 1231 155

142 1268 172 1332 N
175 1292 210 1333 ec
223 1292 332 1355 capere
347 1271 451 1333 oblata
466 1289 588 1350 segnem
603 1266 773 1349 spectacula
787 1264 903 1348 preda.

144 1365 245 1431 Vellet
260 1370 362 1431 abesse
377 1366 516 1452 quidem3
539 1364 591 1427 sed
606 1363 706 1426 adest:
729 1356 878 1447 velletque
893 1361 1005 1440 videre,

143 1463 211 1527 Non
228 1467 317 1529 etiam
331 1465 451 1541 sentire,
465 1484 573 1527 canum
588 1461 650 1525 sera
664 1460 741 1524 sacta
755 1482 885 1523 suorum.

143 1560 284 1646 Undique
298 1564 504 1626 circumstant:
526 1559 688 1643 mersisque
702 1559 732 1622 in
747 1579 870 1643 corpore
884 1558 983 1622 rostris

143 1657 316 1722 Dilaceraut
329 1658 394 1722 salsi
408 1659 560 1721 dominum
574 1657 629 1720 sub
643 1657 769 1740 irngiue
783 1657 875 1721 cervi.
1057 1658 1122 1723 100

359 1911 475 1954 ΝΑΠἸἙ
498 1911 533 1952 IN
555 1910 742 1953 nnnrlssrtos
764 1910 899 1954 nunaut.

459 2155 462 2159 ἡ
571 2095 601 2137 v.
617 2076 691 2137 577.

143 2243 281 2329 Adspicit
295 2245 375 2309 bunc
389 2245 481 2308 oculis
495 2244 662 2323 Pentheus,
677 2267 752 2330 quos
767 2267 809 2309 rra
823 2244 991 2310 tremendos

143 2340 289 2407 Fecerat:
312 2356 353 2422 et,
368 2364 537 2428 quanquam
552 2365 648 2427 poenae
663 2343 715 2406 vix
728 2358 862 2428 tempora
876 2342 983 2437 differt,

143 2439 191 2504 ‘O
206 2441 345 2526 periture,
360 2440 471 2526 tuique
486 2441 549 2504 aliis
563 2441 741 2505 documenta
759 2441 862 2504 dature

142 2536 264 2617 Morte,’
280 2540 331 2617 ait,
345 2539 420 2603 ‘ede
436 2553 521 2602 tuum
535 2560 656 2617 nomen,
670 2559 839 2623 nomenque
854 2536 1021 2623 parentium,

142 2635 184 2700 Et
198 2637 341 2721 patriam3
363 2637 509 2719 morisque
525 2637 594 2700 novi
607 2658 661 2699 cur
674 2657 756 2699 sacra
777 2633 969 2720 frequentes?
1057 2634 1123 2701 165
1222 2695 1229 2703 .

110 2818 112 2822 Ι
142 2733 196 2797 Ille
211 2748 294 2797 metu
309 2754 430 2811 vacuus,
446 2731 584 2795 ‘Nomen
598 2733 690 2811 mihi,’
706 2733 791 2812 dixit,
807 2739 816 2771 ⁴
825 2733 969 2812 Acoetes;
1135 2736 1140 2743 '

142 2830 252 2908 Patria,
267 2829 397 2893 Maeonia
411 2843 473 2894 est:
496 2830 601 2893 humili
616 2830 654 2894 de
669 2832 756 2915 plebe
771 2830 919 2915 parentes.

143 2926 212 2992 Non
228 2928 310 3007 milri,
326 2950 390 3013 quae
406 2929 471 2992 duri
485 2929 628 3007 colerent,
644 2943 739 3014 pater,
754 2950 824 2992 arva
833 2928 966 3015 juvenci,

142 3025 343 3108 Lanigerosve
358 3048 473 3108 greges,
488 3048 547 3089 non
562 3027 623 3089 ulla
637 3041 770 3090 armenta
783 3027 911 3112 reliquit.

142 3122 263 3206 Pauper
277 3137 308 3186 et
322 3123 385 3207 ipse
401 3123 471 3186 fuit:
495 3123 613 3208 linoque
628 3125 741 3188 solebat
755 3137 786 3187 et
796 3125 885 3188 hamo
1058 3127 1121 3190 170

143 3219 304 3304 Decipere,
320 3234 350 3284 et
364 3221 480 3284 calamo
493 3221 630 3284 salientes
645 3221 753 3285 ducere
769 3222 875 3306 pisces.

144 3319 201 3381 Ars
216 3319 256 3399 illi
271 3340 324 3381 sua
338 3339 444 3396 census
460 3333 532 3380 erat.
577 3318 658 3382 Cirm
672 3321 800 3383 traderet
814 3332 927 3398 artem3
1000 3315 1003 3322 ’

116 3461 119 3466 ·
144 3423 163 3454 “
173 3417 299 3500 Accipe,
315 3437 388 3501 quas
403 3416 510 3494 habeo,
524 3416 612 3480 studii
627 3439 780 3480 successor
793 3432 823 3481 et
837 3415 963 3495 hares,''

144 3512 240 3592 Dixit,
256 3521 357 3601 “opes
367 3513 398 3578 :''
421 3513 608 3600 moriensque
622 3515 694 3578 mihi
709 3516 781 3578 nihil
796 3516 846 3579 ifle
860 3516 1003 3601 reliquit,
