2536 4252
531 391 640 440 mnne
662 391 738 454 xm.

144 537 276 601 AEacidae
291 537 430 602 foecunda
444 539 496 603 sui.
541 540 627 604 Jacet
645 540 719 603 llion
735 535 856 622 ingens:⁴

76 663 79 668 ·
145 635 324 720 Eventuque
340 639 421 719 gravi
436 639 516 701 finita
530 653 576 701 est
590 640 708 721 publica
722 639 839 702 clades:

145 733 177 796 Si
191 735 271 796 finita
285 747 397 797 tamen.
442 736 504 798 Soli
520 739 590 799 mihi
606 737 754 819 Pergama
767 750 894 800 restant:
958 757 961 770 ’
1058 739 1122 800 500

145 830 179 893 ln
193 853 340 916 cursuque
355 854 439 896 meus
455 835 538 896 dolor
552 847 607 896 est.
651 822 893 897 Modo'maxima
906 855 1016 913 remur,

144 927 206 990 'l'ot
221 930 336 1010 generis
350 931 484 1015 natisque
499 945 616 1015 potem,
630 933 810 1015 nuribusque
825 930 957 1016 viroque,

145 1023 234 1088 Nunc
249 1028 349 1090 trahor
363 1029 459 1106 exsul,
474 1030 569 1112 inops,
585 1030 704 1092 tumulis
719 1030 821 1092 avulsa
834 1050 980 1107 meomm,

144 1122 306 1207 Penelope
321 1147 445 1194 munus:
470 1149 534 1210 quae
549 1149 609 1205 me,
625 1128 693 1190 data
707 1148 800 1211 pensa
814 1129 992 1205 trahentem,

144 1219 290 1284 Matribus
305 1223 464 1286 ostendens
479 1223 599 1302 Ithacis,
610 1232 634 1272 -“
645 1223 720 1286 Haec
735 1223 874 1286 Hectoris
888 1224 937 1287 illa
952 1237 998 1296 est
1059 1227 1122 1289 505
1210 1246 1217 1259 ·

145 1318 236 1381 Clara
251 1341 373 1403 parens:
397 1321 460 1383 hec
475 1322 551 1398 est,''
567 1321 657 1398 dicet,
673 1320 853 1383 “Priameia
867 1319 1011 1406 conjux.''

145 1412 277 1501 Postque
293 1431 337 1480 tot
351 1419 473 1481 amissos
488 1434 518 1481 tu
535 1441 625 1496 nunc,
641 1441 705 1502 que
719 1418 782 1480 sola
795 1418 916 1482 levabas
995 1475 997 1480 .

144 1512 297 1584 Maternos
311 1516 419 1593 luctus,
435 1517 551 1580 hostilia
564 1516 651 1579 busta
665 1515 763 1599 piasti.

145 1611 266 1675 Inferias
281 1609 358 1677 hosti
373 1615 488 1698 peperi.
534 1613 607 1688 Qud
622 1613 716 1677 ferrea
730 1616 829 1677 resto?

146 1708 268 1783 Quidve
283 1715 401 1776 moror?
424 1714 484 1798 qud
498 1734 547 1776 me
562 1734 672 1790 servas,
686 1712 828 1775 damnosa
841 1715 1001 1777 senectus?
1059 1715 1123 1778 510

145 1806 240 1886 Quid,
256 1809 446 1888 di'cmdeles,
462 1811 515 1875 nisi
532 1812 591 1896 qud
606 1832 685 1874 nova
699 1809 802 1873 funera
820 1832 951 1889 cernam,

146 1904 291 1970 Vivacem
308 1909 428 1972 differtis
443 1911 554 1973 anum?
598 1908 677 1983 Quis
693 1929 780 1992 posse
797 1921 912 1992 putaret

52 2006 56 2013 “
144 2002 280 2067 Felicem
295 2005 458 2084 Priamum,
474 2008 650 2091 postdiruta
664 2007 823 2090 Pergama,
839 2007 918 2071 dicit

144 2100 234 2165 Felix
249 2118 343 2167 morte
358 2106 423 2183 suri,
437 2127 493 2168 nec
508 2120 550 2182 te,
564 2127 633 2167 mea
647 2118 726 2182 nata,
741 2119 928 2188 peremptam

146 2200 293 2284 Adspicit,
310 2195 341 2266 et
356 2203 446 2268 vitam
461 2203 568 2286 pariter
581 2223 765 2287 regnumque
780 2202 907 2286 reliquit.
1058 2205 1122 2269 515

144 2299 188 2360 At
203 2289 308 2385 (puto)
326 2300 475 2364 funeribus
490 2300 641 2378 dotabere,
656 2301 738 2383 regia
752 2301 852 2383 virg03

144 2395 359 2482 Condeturque
374 2413 459 2461 tuum
473 2399 671 2461 monumentis
684 2393 792 2482 corpus
812 2399 908 2462 avitis.

144 2493 214 2557 Non
230 2494 294 2558 haec
309 2509 352 2558 est
367 2494 483 2557 fortuna
497 2495 613 2557 domris.
658 2493 729 2557 Tibi
743 2515 866 2557 munera
879 2495 979 2558 matris

145 2593 331 2675 Contingent
344 2593 443 2670 fletus,
459 2592 678 2676 peregrinaque
693 2591 814 2654 haustus
830 2613 935 2656 arenae.

145 2691 257 2755 Omnia
271 2691 463 2776 perdidimus.
508 2691 661 2786 Superest,
673 2712 726 2753 cur
740 2690 840 2753 vivere
855 2705 973 2776 tempus
1058 2695 1123 2758 520

145 2788 179 2853 ln
194 2792 285 2853 breve
300 2790 471 2868 sustineam,
486 2790 584 2874 pmles
599 2789 761 2872 gratissima
774 2789 870 2867 matri,

147 2887 234 2952 Nunc
247 2890 339 2966 solus,
356 2889 504 2973 quondam
519 2888 656 2951 minimus
671 2888 708 2950 de
724 2887 814 2970 stirpe
831 2887 915 2966 virili,

148 2987 209 3050 Has
225 2989 309 3050 datus
324 2986 445 3050 Ismario
460 2985 522 3070 regi
537 2985 705 3072 Polydorus
720 2984 750 3048 in
765 3006 840 3048 oras.
900 3005 904 3015 ·

145 3085 228 3158 Quid
245 3107 343 3148 moror
356 3085 469 3148 interea
483 3083 613 3147 crudelia
628 3083 749 3146 vulnera
763 3082 895 3167 lymphis

148 3183 288 3259 Abluere‚
303 3197 334 3246 et
348 3204 464 3266 sparsos
478 3182 582 3245 immiti
596 3181 737 3264 sanguine
753 3181 879 3244 vultusi'
1059 3186 1123 3248 525

163 3302 166 3306 “
188 3280 292 3344 Dixit:
317 3294 346 3342 et
362 3280 399 3342 ad
413 3280 494 3342 littus
509 3301 596 3363 passu
612 3279 754 3361 processit
768 3279 847 3356 anili,
906 3334 907 3341 ,

148 3379 292 3441 Albentes
306 3364 415 3441 laniata
428 3398 540 3440 comas.
585 3375 695 3453 ‘Date,
707 3375 852 3454 Troades,
868 3375 993 3454 umam,’

147 3477 273 3543 Dixerat
287 3477 401 3555 infelix,
416 3476 540 3563 liquidas
555 3475 684 3564 hauriret
698 3489 732 3538 ut
746 3475 856 3537 undas:

146 3575 283 3661 Adspicit
298 3574 428 3661 ejectum
442 3574 585 3658 Polydori
599 3565 629 3636 in
642 3573 740 3637 littore
755 3591 873 3654 corpus,
