2536 4252
171 407 215 473 66
487 411 836 464 uuunuoneuosuou

172 566 331 652 Tantaque
345 565 516 648 sumptarus
531 564 691 648 puerilibus
704 563 789 649 anit
802 561 895 640 anns,
947 544 955 554 '

173 665 248 729 Hac
264 686 382 749 quoque
398 664 561 746 virgineum
576 663 668 725 movit
679 661 794 747 jactura
808 662 952 724 dolorem.

216 763 334 846 Raptor
348 762 534 844 agitemus,
550 775 581 824 et
594 761 714 834 nomine
730 781 880 845 quemque
896 773 1018 824 vocatos
1078 751 1155 825 '240
1182 780 1188 792 ’
1259 806 1260 810 =

176 860 358 924 Exhortatur
372 877 482 944 equos:
507 882 632 944 quorum
647 880 701 943 per
714 859 791 922 colla
802 858 950 944 jubasque

175 957 298 1021 Excutit
313 959 437 1021 obscurd
451 959 555 1020 ductas
569 956 714 1040 senagiqe
730 957 872 1020 habenas.

172 1056 292 1139 Perque
308 1057 389 1120 lacus
404 1057 488 1133 altos,
504 1070 534 1118 et
549 1056 657 1118 olentia
671 1055 780 1118 sulfure
795 1055 886 1119 sertus
936 1125 941 1136 ,

173 1154 284 1236 Stagna
299 1154 480 1231 Palicorum,
496 1153 584 1238 ruptis
598 1152 742 1216 ferventia
757 1154 851 1217 terra:

173 1252 215 1316 Et
230 1275 287 1337 qua
301 1243 490 1331 Bacchiade,
507 1253 608 1316 bimari
624 1274 697 1335 gens
712 1266 776 1315 orta
790 1251 948 1316 Corintho.
1088 1254 1154 1316 245
1241 1298 1243 1303 -

172 1348 253 1414 Inter
267 1353 423 1436 inequales
439 1366 600 1437 posuerunt
615 1351 725 1414 moenia
739 1363 851 1434 portus»

215 1448 271 1514 Est
286 1451 416 1513 medium
431 1448 564 1533 Cyanes,
580 1464 610 1513 et
625 1449 728 1512 Pisaeae
743 1449 911 1527 Arethusa,

173 1546 267 1621 Quod
282 1550 342 1610 coit
357 1549 486 1630 angustis
501 1548 646 1610 inclusum
660 1548 798 1610 cornibus
813 1568 922 1631 aequor.

173 1643 233 1708 Hie
248 1645 312 1723 suit,
327 1667 345 1708 a
359 1645 443 1731 cujus
458 1660 594 1728 stagnum
610 1667 727 1730 quoque
743 1645 862 1708 nomine
877 1645 989 1709 dictum
1003 1657 1060 1722 est,

172 1743 254 1807 Inter
268 1744 410 1808 Sicelidas
425 1744 532 1829 Cyane
547 1744 739 1807 celeberrima
753 1744 920 1831 nymphas3
1087 1745 1153 1808 250

172 1841 364 1928 Agnovitqbe
380 1845 487 1906 deum:
510 1843 596 1906 ‘Nec
612 1844 726 1925 longius
742 1843 839 1920 ibitis‚'
855 1842 965 1927 inquit:
1116 1874 1120 1881 ·
1190 1853 1195 1861 '

172 1950 181 1979 ‘
190 1941 261 2004 Non
277 1957 363 2026 potes
377 1943 474 2005 inuitae
489 1940 609 2005 Cereris
623 1963 716 2023 gener
733 1963 816 2004 esse:
839 1942 979 2024 roganda,

173 2038 242 2103 Nou
258 2041 398 2125 rapienda
412 2039 476 2103 suit.
521 2040 616 2114 Qudd
631 2040 655 2102 si
670 2060 849 2122 componere
866 2039 979 2122 magnis

174 2137 270 2203 Parva
284 2140 356 2202 mihi
372 2138 413 2202 sas
429 2153 492 2216 est3
513 2154 545 2202 et
560 2161 608 2201 me
624 2138 728 2201 dilexit
743 2137 869 2222 Anapis.

87 2301 94 2314 Ι
174 2236 306 2301 Exorata
320 2253 431 2315 tamen,
445 2260 514 2315 nec,
528 2252 562 2300 ut
577 2238 650 2315 haec,
665 2237 806 2300 exterrita
820 2236 928 2320 nupsi,’
1084 2237 1191 2301 255.

173 2334 276 2399 Dixit:
301 2343 342 2414 et,
357 2337 385 2399 in
401 2351 499 2421 partes
515 2337 644 2398 diversas
659 2335 779 2398 brachia
793 2336 928 2412 tendens,

172 2433 303 2499 Obstitit.
349 2435 439 2500 Haud
456 2436 531 2499 ultra
545 2436 639 2499 tenuit
654 2435 807 2517 Satumius
822 2435 912 2498 iram:

172 2531 389 2620 Terribilesque
405 2537 537 2599 hortatus
552 2557 656 2620 equos,
672 2536 701 2598 in
717 2534 837 2617 gurgitis
851 2533 912 2596 ima

172 2631 349 2696 Contentum
365 2636 463 2697 valido
478 2648 627 2716 sceptrum
643 2633 742 2714 regale
758 2633 868 2696 lacerto

172 2729 325 2797 Condid'u.
370 2730 433 2793 leta
448 2733 527 2793 viam
542 2733 628 2793 tellus
644 2731 672 2792 in
688 2729 812 2794 Tartara
827 2729 907 2810 feeit,
1085 2730 1152 2795 260

173 2827 213 2890 Et
229 2850 335 2912 pronos
350 2850 450 2890 currus
466 2830 564 2891 medio
578 2843 691 2891 cratere
706 2830 828 2912 recepit.

173 2926 215 2988 At
229 2926 349 3010 Cyane,
364 2942 536 3011 raptamque
552 2927 649 3004 deam,
664 2940 894 3012 contemptaque
909 2926 997 2989 sontis

171 3023 245 3086 Jura
260 3025 304 3087 sui
321 3047 459 3102 moerens,
476 3026 683 3087 inconsolabile
700 3025 805 3087 vulnus

172 3122 278 3186 Mente
293 3125 366 3206 gerit
382 3123 481 3199 tacita,
496 3124 691 3207 lacrymisque
707 3123 868 3185 absumitur
881 3121 994 3186 omnis:

173 3222 224 3299 Et,
241 3245 362 3307 quarum
378 3223 471 3284 suerat
486 3243 625 3301 magnum
643 3220 732 3283 modi)
747 3243 869 3297 numen,
885 3221 913 3282 in
930 3221 993 3283 illas
1085 3220 1149 3283 265

173 3319 361 3383 Extenuatur
376 3342 476 3403 aquas.
522 3313 779 3382 Molliri'membra
795 3320 928 3382 videres:

173 3417 249 3480 Ossa
264 3419 322 3502 pati
340 3420 451 3481 flexus:
476 3440 588 3499 ungues
604 3419 735 3501 posuisse
747 3419 889 3500 rigorem:

171 3514 330 3600 Primaque
346 3518 383 3579 de
398 3516 461 3580 tota
476 3517 646 3578 tenuissima
662 3538 785 3600 quaeque
800 3516 978 3600 liquescunt,
1034 3533 1040 3541 ·

172 3612 303 3729 Cerulei¹
314 3616 418 3694 crines,
434 3615 585 3700 digitique3
600 3628 632 3677 et
645 3636 741 3693 crura,
757 3614 928 3700 pedesque:
981 3670 985 3686 ,
