2536 4252
58 473 60 477 ,
146 407 189 470 at
458 413 806 464 Muranonrnosnon
914 409 917 413 ’

147 565 330 629 Semanimes
346 586 442 628 errare
457 565 520 641 viis,
537 564 606 626 dum
621 578 697 626 stare
713 563 861 638 valebant,

148 658 345 746 Adspiceres3
368 663 474 725 flentes
492 663 572 737 alios,
588 676 730 744 terraeque
741 660 876 744 jacentes
886 681 895 736 ;
1063 663 1126 723 ltu

147 761 299 844 Lassaque
316 776 465 822 versantes
479 781 619 842 supremo
632 759 744 820 lumina
758 772 851 820 rnotu.

190 856 275 931 Quid
288 858 360 920 mihi
374 872 445 920 tune
460 858 548 920 animi
563 856 637 918 suit?
660 877 709 931 an,
724 856 803 940 quod
819 855 920 918 debuit
934 876 1010 932 esee,

147 955 194 1019 Ut‘
206 956 297 1017 vitam
312 953 448 1032 odissem,
464 969 494 1018 et
508 974 650 1038 cuperem
665 975 731 1036 pars
747 974 812 1015 esse
828 956 982 1018 tneorurn?

148 1052 223 1127 Quo
237 1074 270 1114 se
284 1074 401 1137 cunque
417 1053 495 1115 aeies
509 1052 662 1114 oculorum
679 1051 820 1127 flexerat;
841 1050 901 1114 illio

148 1148 265 1232 Vulgus
280 1165 341 1212 erat
357 1163 495 1212 stratum:
520 1149 610 1211 veluti
626 1148 694 1210 eiun
711 1150 807 1232 putria
822 1150 909 1211 motis
1062 1146 1123 1212 175

147 1247 243 1330 Roma
257 1248 366 1310 cadunt
381 1248 478 1324 ramis,
494 1245 660 1330 agitarique
675 1246 742 1308 ilice
757 1247 889 1328 glandes.

146 1344 276 1430 Templa
292 1347 373 1418 vides
387 1345 500 1422 eontra,
515 1343 652 1426 gradibus
666 1343 800 1406 sublimia
814 1343 925 1426 longis:

147 1443 263 1526 Jupiter
277 1444 327 1506 illa
341 1456 435 1506 tenet.
480 1442 559 1516 Quis
572 1464 632 1505 non
647 1442 784 1504 altaribus
799 1443 854 1505 illis

146 1540 230 1605 Irrita
244 1543 330 1603 thura
345 1541 431 1603 tulit?
455 1541 568 1624 quoties
583 1561 637 1623 pro
650 1539 776 1624 conjuge
792 1539 914 1625 conjux,
943 1573 946 1580 2
970 1556 973 1563 '

146 1639 208 1701 Pro
222 1654 310 1721 gnato
325 1639 448 1720 genitor,
463 1638 534 1699 dum
550 1639 640 1700 verba
654 1638 806 1721 precantia
819 1638 900 1715 dicit,

149 1735 216 1798 Non
232 1737 359 1799 exoratis
373 1737 501 1798 animam
516 1736 608 1798 finivit
623 1735 651 1798 in
663 1736 735 1798 aris:

146 1832 240 1918 Inque
255 1856 343 1896 manu
358 1833 450 1896 thuris
465 1855 531 1917 pars
547 1833 753 1917 inconsumpta
766 1846 883 1917 reperta
897 1834 960 1898 est!

146 1931 269 1994 Admoti
285 1933 398 2017 quoties
413 1932 542 2015 templis,
557 1931 628 1994 dum
643 1946 712 1994 vota
727 1932 863 1994 sacerdos

146 2029 297 2114 Concipit,
313 2045 344 2093 et
357 2028 451 2092 fundit
466 2051 573 2113 purum
588 2029 663 2092 inter
676 2051 786 2092 cornua
800 2030 913 2108 vinum,

146 2126 237 2190 Haud
252 2142 425 2212 exspectato
439 2127 610 2191 oeciderunt
625 2128 750 2190 vulnere
761 2127 853 2192 tauri!

42 2214 44 2220 '
62 2255 64 2259 ’
145 2225 160 2288 1
162 2248 214 2309 pse
229 2248 285 2310 ego
299 2248 381 2290 sacra
395 2225 465 2290 Jovi
480 2248 533 2310 pro
547 2247 607 2303 me,
623 2225 786 2310 patr-idque,
801 2226 952 2310 tribusque

38 2379 41 2384 ,
145 2319 227 2387 Ciam
241 2324 369 2387 facerem
384 2325 469 2400 natis,
484 2324 612 2406 mugitus
629 2324 747 2388 victima
762 2324 839 2390 diros

144 2420 264 2485 Edidit:
288 2436 316 2484 et
331 2421 429 2484 subiti)
443 2422 573 2506 collapsa
588 2422 651 2485 sine
666 2421 771 2484 ictibus
785 2421 851 2484 ullis

144 2519 264 2603 Exiguo
279 2520 365 2583 tinxit
380 2519 529 2606 subjectos
544 2507 685 2604 s'anguine
699 2520 819 2582 cultros.
1046 2588 1049 2596 ,

46 2669 54 2676 „
144 2616 234 2684 Fibra
248 2631 367 2702 quoque
381 2640 457 2700 egra
471 2618 641 2694 notas-reri,
657 2618 844 2702 monitusque
860 2616 987 2700 deorum
1059 2620 1120 2683 190

143 2714 336 2777 Prodiderat:
359 2715 456 2776 tristes
472 2728 627 2798 penetrant
642 2715 679 2776 ad
695 2715 807 2778 viscera
821 2715 930 2779 morbi'

143 2812 224 2874 Ante
240 2834 337 2875 sacros
353 2813 412 2876 vidi
427 2812 559 2898 projecte
572 2813 717 2876 eada-vera
731 2827 841 2896 postea,

142 2910 224 2972 Ante
240 2911 328 2994 ipsas,
345 2912 405 2996 qud
419 2933 495 2974 rnors
510 2909 585 2974 foret
600 2911 777 2989 invidiosior,
793 2933 869 2975 aras.
885 2958 888 2963 ,

142 3007 216 3070 Pars
231 3009 358 3071 animam
372 3008 479 3093 laqueo
492 3008 650 3086 claudunt3
672 3010 832 3093 mortisque
847 3009 982 3096 timorem

19 3165 34 3185 ‚
64 3129 65 3132 ¹
142 3103 241 3167 Morte
257 3104 376 3187 sugant:
399 3107 533 3189 ultroque
549 3120 656 3168 vocant
671 3106 819 3169 venientia
833 3105 903 3172 sata.

139 3201 278 3286 'Corpora
292 3203 460 3265 missa'neoi
474 3204 560 3265 nullis
575 3203 613 3264 de
628 3225 710 3266 more
725 3203 858 3267 feruntur

143 3299 326 3364 Funeribus:
349 3321 447 3384 neque
462 3301 540 3363 enirn
555 3301 711 3384 capiebant
726 3302 828 3366 sunere
842 3317 945 3387 portat.

142 3398 204 3462 Aut
219 3400 370 3462 inhumata
385 3412 523 3483 premunt
537 3413 645 3462 terras:
668 3414 720 3462 aut
734 3402 840 3464 dantur
854 3401 882 3463 in
898 3401 974 3464 altos

120 3495 275 3559 *indotata
289 3519 385 3579 rogos.
430 3495 472 3558 Et
483 3493 547 3581 jam
561 3498 726 3559 reverentia
739 3498 901 3561 nulla‘est:

140 3592 250 3679 Deque
265 3596 342 3678 rogis
357 3608 507 3688 pugnant:
530 3594 691 3678 alienisque
706 3595 821 3678 ignibus
835 3596 950 3660 ardent.
1053 3597 1120 3669 W)
