2536 4252
487 387 497 397 ‘'
539 398 706 449 inuans
1077 382 1118 451 61

128 541 130 545 ’
145 551 279 617 Demetit
293 573 363 614 ense
378 562 487 633 caput;
509 549 590 634 quod
605 549 736 633 protinus
750 547 852 611 incidit
867 567 941 611 are:

146 651 245 734 Atque
261 650 300 712 ibi
315 648 469 712 semanimi
484 648 575 710 verbe
589 646 773 710 exsecrantia
786 643 887 728 lingui
1078 647 1122 712 90

144 747 256 826 Edidit,
274 762 305 810 et
319 747 433 836 medios
448 745 577 810 animam
591 745 752 830 exspiravit
765 744 796 808 in
810 744 905 827 ignes.

102 893 107 902 .
144 845 216 908 Plus
231 859 330 908 tamen
346 844 492 907 exhausto
505 856 659 927 superest:
682 863 812 926 namque
827 841 963 905 omnibus
975 863 1070 906 noum

143 942 322 1026 Opprimere
339 943 525 1005 est'animus.
569 937 734 1026 Conquruta
747 940 879 1024 undique
894 952 1027 1025 pugnant
1082 1011 1085 1018 ,

95 1061 98 1067 ’
143 1041 274 1123 Agmina
288 1063 341 1124 pro
355 1041 456 1119 causi,
472 1028 616 1103 meritum⁴
623 1039 817 1123 impugnante
831 1039 992 1124 fidemque.

144 1137 213 1201 Hic
228 1160 281 1222 pro
297 1153 379 1222 parte
393 1159 479 1202 socer
492 1137 599 1200 frustri
613 1137 689 1220 pius,
703 1149 736 1200 et
749 1158 828 1200 nova
841 1136 963 1222 conjux,
1078 1138 1121 1201 95

144 1235 225 1300 Cum
239 1237 389 1320 genitrice,
403 1236 522 1314 sancum
543 1236 717 1319 ululatuque
732 1236 804 1298 atria
817 1235 980 1318 complent.

144 1334 205 1398 Sed
220 1353 308 1398 sonus
323 1356 469 1398 armorum
483 1345 614 1417 superat,
629 1333 816 1417 gemitusque
830 1332 1007 1396 cadentium:

144 1430 336 1516 Pollutosque
351 1431 443 1494 semel
457 1431 552 1494 multo
565 1430 693 1493 Bellona
706 1428 838 1493 Penates

57 1524 69 1596 s
144 1529 293 1611 Sanguine
308 1527 457 1613 persuadit
466 1550 475 1605 ;
495 1541 696 1612 renovataque
710 1527 816 1611 prcelia
829 1526 947 1592 miscet.

63 1624 69 1631 ”
187 1624 351 1690 Circueunt
364 1648 456 1689 unum
471 1625 615 1703 Phineus,
631 1639 661 1689 et
674 1626 755 1688 mille
769 1625 863 1688 secuti
1060 1628 1123 1691 100

144 1724 270 1787 Phinea.
315 1724 393 1786 Tela
408 1724 508 1787 volant
522 1723 645 1787 hibernia
658 1724 798 1807 grandine
813 1725 898 1808 plura

145 1823 256 1886 Praeter
270 1837 427 1906 utrumque
441 1823 529 1899 latus,
544 1835 707 1907 preterque
722 1823 868 1886 etlumen
883 1834 914 1886 et
928 1843 1025 1886 aures.

145 1905 288 2004 Applicat
302 1920 371 1982 hinc
385 1921 524 1983 humeros
540 1920 577 1982 ad
591 1941 706 2002 magno
717 1941 793 1983 sexa
806 1920 969 1984 columnae:

145 2018 284 2103 Tutaque
301 2033 382 2100 terga
396 2039 512 2101 gerens,
526 2018 710 2102 adversaque
725 2017 754 2080 in
770 2018 888 2100 agmina
899 2031 1015 2097 verum

57 2119 60 2121 ’
146 2116 277 2194 Sustinet
291 2116 441 2178 instantes.
486 2114 637 2179 instabant
649 2128 735 2198 parte
748 2114 864 2178 sinistre
1061 2117 1123 2181 105

146 2214 299 2278 Chaonius
315 2213 465 2297 Molpeus,
480 2212 586 2277 dextri
600 2212 780 2277 Nabathaeus
794 2213 957 2278 Ethemon.

146 2313 244 2395 Tigris
258 2325 301 2389 ut,
316 2313 422 2379 auditis
435 2311 554 2376 diversi
565 2312 641 2374 valle
656 2311 781 2375 duorum

146 2409 345 2473 Exstimulata
359 2409 436 2472 same
448 2410 610 2492 mugitibus
616 2422 835 2485 armentorum,

116 2562 119 2569 .
146 2507 250 2571 Nescit
264 2507 330 2570 utri)
344 2507 442 2590 potiirs
456 2520 539 2583 ruat;
560 2519 591 2569 et
605 2525 690 2588 ruere
704 2505 787 2568 ardet
801 2505 927 2590 utrdqne
936 2527 955 2582 :-

147 2605 195 2670 Sic
207 2605 316 2669 dubius
331 2604 471 2682 Perseus,
485 2603 592 2667 dextri
605 2601 719 2666 laevtne
728 2601 852 2681 seratur,
1061 2607 1123 2670 110

146 2703 270 2787 Molpea
284 2701 398 2787 trajecti
411 2702 558 2766 submovit
572 2701 693 2765 vulnere
707 2701 798 2765 cruris
808 2723 822 2779 ;ι
1017 2758 1023 2776 ,

101 2879 104 2883 ἢ
146 2801 372 2886 Contentusque
382 2799 457 2884 ‘fuge
478 2815 534 2864 est.
579 2798 688 2884 Neque
710 2799 790 2863 enim
813 2798 863 2863 dat
881 2811 1003 2885 ¹tempus
1025 2797 1123 2865 Ethe-

274 2921 363 2976 mon3
474 2947 478 2957 .

147 2997 208 3060 Sed
224 2996 307 3068 furit:
331 3010 372 3075 et,
387 2996 510 3080 cupiens
525 2996 584 3059 alto
597 2996 669 3058 *dare
683 2995 807 3058 vulnera
819 2995 909 3074 collo,

122 3083 126 3091 ’
148 3094 217 3157 Non
232 3094 451 3178 circumspectis
467 3108 606 3158 exactum
621 3093 729 3157 viribus
743 3114 846 3157 ensem

148 3193 267 3276 Fregit:
290 3192 472 3256 etextremi
487 3213 631 3275 percusse
646 3205 730 3275 parte
743 3191 888 3255 columne
1062 3193 1122 3255 115

149 3292 273 3355 Lamina
288 3291 411 3354 dissiluit
420 3311 429 3367 ;
450 3290 620 3374 dominique
636 3291 665 3353 in
681 3303 797 3372 gutture
812 3290 872 3352 fixa
885 3303 943 3353 ast.
1074 3282 1078 3288 ’

149 3389 217 3452 Non
233 3404 332 3452 tamen
347 3388 384 3451 ad
400 3388 493 3451 letum
507 3409 611 3452 causas
625 3386 694 3451 satis
708 3387 758 3451 illa
773 3388 905 3451 valentes

152 3487 242 3570 Plaga
256 3487 347 3550 dedit.
392 3484 558 3570 Trepidam
574 3484 712 3562 Perseus,
726 3497 758 3548 et
771 3483 894 3546 inermia
907 3481 1013 3547 frustm

150 3585 278 3648 Brachia
291 3584 463 3649 tendentem
477 3582 637 3667 Cyllenide
651 3581 782 3647 confodit
794 3582 899 3666 harpe.
