2536 4252
491 387 842 456 nnsnnoaeuosqou

379 681 582 724 PROSERPINA
602 682 624 723 A
644 681 795 724 Puuronn
816 681 933 725 mre.

596 877 627 918 v.
642 859 716 919 341.

210 1024 312 1090 Prima
326 1024 421 1090 Ceres
435 1049 514 1090 unco
528 1027 647 1109 glebam
661 1022 783 1089 dimovit
797 1040 908 1090 aratro:
1215 1103 1224 1112 N

169 1123 270 1187 Prima
285 1124 365 1188 dedit
380 1123 488 1208 fruges,
504 1124 701 1207 alimentaque
716 1124 797 1186 mitia
812 1125 912 1188 terris:
1085 1127 1149 1191 180

170 1220 270 1285 PrIma
285 1222 367 1285 dedit
381 1223 473 1306 leges.
518 1220 637 1285 Cereris
651 1243 752 1285 sumus
766 1211 997 1286 omnia'munus.

169 1319 223 1382 llla
237 1319 371 1383 canenda
385 1320 457 1383 mihi
473 1332 528 1383 est.
574 1318 697 1382 Utinam
712 1320 802 1383 modd
816 1321 916 1384 dicere
931 1343 1050 1405 possem

135 1409 139 1416 ⁸
168 1417 309 1482 Carmina
324 1420 412 1501 digna
426 1418 506 1482 dea!
528 1418 609 1481 certe
624 1419 681 1481 dea
695 1417 823 1482 carmine
838 1420 926 1503 digna
939 1433 995 1485 est.

213 1514 307 1579 Vasta
320 1517 462 1600 giganteis
477 1517 592 1599 ingesta
606 1530 650 1579 est
665 1517 759 1580 insula
772 1516 911 1580 membris

168 1611 335 1693 Trinacris3
357 1628 387 1676 et
403 1614 514 1697 magnis
529 1613 695 1700 subjectum
708 1614 834 1677 molibus
849 1627 954 1699 urguet
1084 1616 1147 1681 185

68 1773 70 1776 .
171 1710 319 1774 AEtherias
334 1733 437 1774 ausum
451 1733 568 1796 sperare
583 1711 734 1796 Typho'e'a
748 1712 844 1776 sedes.

170 1808 281 1872 Nititur
294 1809 343 1871 ille
359 1808 490 1893 quidem,
505 1823 676 1894 pugnatque
691 1831 843 1892 resurgere
855 1822 953 1894 saepe:

170 1905 288 1969 Dextra
302 1907 355 1969 sed
371 1907 505 1969 Ausonio
518 1928 622 1970 manus
637 1921 682 1970 est
695 1900 829 1992 subjecta
846 1908 973 1973 Peloro:

170 2003 272 2083 Laeva,
288 2003 444 2088 Pachyne,
459 2003 529 2082 tibi;
551 2004 675 2069 Lilibaeo
689 2026 774 2070 crura
787 2021 978 2091 premunturz

116 2130 124 2149 i
170 2101 322 2185 Degravat
336 2101 549 2187 AEtnacaput:
572 2103 627 2166 sub
643 2103 703 2188 qud
716 2105 870 2188 resupinus
884 2126 987 2171 arenas
1082 2107 1147 2171 190

169 2199 300 2286 Ejectat,
315 2202 525 2288 flammamque
540 2202 602 2266 sero
618 2203 709 2265 vomit
722 2224 774 2266 ore
788 2202 977 2288 Typhoeus..

169 2298 256 2383 Sepe
271 2300 398 2363 remoliri
413 2301 540 2364 luctatur
552 2299 685 2384 pondera
698 2313 792 2387 terrae,

169 2395 360 2482 Oppidaque,
375 2410 406 2461 et
420 2419 542 2482 magnos
557 2397 694 2461 evolvere
709 2419 833 2482 corpore
847 2414 975 2464 montet.

169 2493 241 2559 lnde
257 2496 355 2559 tremit
369 2496 472 2560 tellus:
495 2510 526 2560 et
540 2517 595 2559 rex
610 2509 701 2580 pavet
715 2496 778 2580 ipse
793 2496 942 2561 silentdrn.

168 2592 217 2656 Ne
232 2608 341 2677 pateat,
357 2595 475 2678 latoque
489 2595 584 2658 solum
599 2607 747 2676 retegatur
767 2593 867 2673 hiatu;
1083 2597 1148 2663 195

169 2690 378 2775 immissusque
394 2691 456 2755 dies
471 2679 651 2776 trepidantes
666 2705 774 2756 teneat
789 2693 916 2758 umbras.

169 2787 256 2852 Hanc
271 2802 406 2852 metuens
420 2788 536 2854 cladem
551 2790 707 2853 tenebrosa
720 2791 792 2854 sede
806 2804 948 2876 tyrannus

169 2884 310 2950 Exierat:
334 2909 478 2973 curruque
494 2902 622 2953 atrorum
638 2903 742 2954 vectus
757 2911 901 2975 equorum
921 2906 924 2911 ·
1016 2942 1019 2952 ,

171 2983 311 3047 Ambibat
326 2984 431 3049 Siculae
446 3001 549 3050 cautus
564 2986 733 3053 fundamina
751 3001 845 3066 terre,
879 3011 884 3020 ·

170 3080 333 3166 Postquam
350 3084 536 3167 exploratum
549 3085 619 3149 satis
635 3100 680 3149 est
693 3087 760 3150 loca
772 3087 853 3150 nulla
866 3087 985 3167 labare;
1081 3090 1148 3154 200

170 3179 367 3265 Depositique
382 3197 495 3246 metus:
519 3184 600 3246 videt
614 3184 693 3248 hune
713 3183 845 3268 Erycina
860 3198 1018 3268 vagantem

169 3278 275 3344 Monte
290 3302 344 3342 suo
355 3279 497 3359 residens,
512 3295 672 3366 natumque
688 3283 828 3366 amplexa
846 3282 1016 3361 volucrem;

169 3379 292 3459 ‘Arma,
309 3401 472 3465 manusque
487 3402 575 3458 meoe,
590 3402 667 3459 mea,
683 3394 763 3458 nate,
779 3382 931 3466 potentia‚'
947 3382 1033 3461 dixit,

1090 2294 1103 2329 Χ

170 3476 252 3554 ‘Illa,
268 3479 372 3562 quibus
386 3499 507 3563 superas
522 3500 635 3556 omnes,
650 3500 725 3562 cape
740 3480 810 3557 tela,
826 3478 958 3565 Cupido,
993 3498 996 3505 ’

170 3572 263 3658 lnque
279 3575 326 3638 dei
341 3591 447 3660 pectus
460 3576 573 3640 celeres
588 3577 690 3639 molire
705 3578 835 3660 sagittas,
1081 3579 1147 3643 205
