2536 4252
161 403 223 469 rte
471 412 821 466 unrauonruosuon

313 709 427 753 annius
455 709 565 751 cnsrn
585 707 620 749 ru
643 706 795 749 counnnu
817 705 978 749 unsaros.

589 844 619 884 v.
631 823 706 884 7116.

201 957 348 1023 Caesario
362 956 446 1020 Urbe
460 955 515 1019 suri
529 956 602 1019 deus
617 969 678 1019 est:
703 977 791 1040 quem
807 954 906 1019 Marte
922 955 1049 1042 togisque

158 1055 360 1142 Praecipuum,
376 1077 436 1119 non
451 1055 530 1117 bella
544 1052 637 1136 magis
652 1053 733 1117 finita
746 1054 912 1138 triumphis,
1073 1059 1139 1121 200

157 1155 283 1240 Resque
300 1155 378 1218 domi
393 1167 494 1238 gestae,
509 1166 723 1237 properataque
738 1152 828 1236 gloria
843 1174 940 1216 rerum

158 1252 192 1318 In
208 1253 287 1317 sidus
303 1254 418 1316 vertere
433 1274 555 1330 novum,
570 1251 745 1335 stellamque
759 1266 940 1330 comantem,

158 1352 263 1428 Quam
277 1374 330 1415 sua
344 1350 510 1436 pmgenies.
555 1341 664 1434 Neque
680 1349 757 1412 enim
774 1349 811 1412 de
827 1348 954 1413 Caesnris
969 1349 1042 1414 actis

157 1449 261 1515 Ullum
277 1449 371 1535 majus
386 1469 472 1533 opus,
488 1437 577 1534 quam
592 1447 672 1532 quod
688 1461 773 1532 pater
785 1447 899 1511 exstitit
914 1447 1011 1535 hujus.

157 1547 278 1612 Scilicet
294 1568 444 1633 aequoreos
459 1540 525 1630 plus
541 1561 586 1608 est
601 1545 750 1608 domuisse
763 1544 934 1625 Britannos,
1071 1546 1138 1611 205

158 1643 278 1730 Perque
294 1642 454 1729 papyriferi
466 1643 645 1727 septemflua
660 1642 782 1707 flumina
797 1642 859 1707 Nili

158 1742 304 1808 Victrices
318 1741 414 1825 egisse
429 1756 517 1819 rates,
533 1739 736 1825 Numidasque
751 1742 886 1822 rebelles,

158 1840 405 1926 Cinyphiumque
419 1839 541 1917 Jubam,
555 1837 815 1926 Mithridateisque
830 1853 995 1916 tumentem
1038 1835 1040 1839 ’

158 1937 335 2002 Nominibus
350 1936 492 2014 Pontum,
507 1935 618 2020 populo
633 1936 775 2022 adjecisse
790 1937 920 2018 Quirini,

158 2035 200 2099 Et
215 2035 322 2098 multos
336 2034 489 2113 meruisse,
505 2034 618 2118 aliquos
632 2035 727 2118 egisse
742 2036 918 2120 triumphos,

159 2133 261 2209 Qu'am
277 2147 390 2198 tantum
405 2133 542 2216 genuisse
557 2132 662 2212 virum,
678 2156 738 2220 qno
752 2135 874 2218 praeside
889 2156 987 2198 rerum

158 2230 299 2295 Humano
313 2231 425 2315 generi,
440 2230 550 2316 superi,
564 2231 681 2295 cavistis
697 2232 825 2296 abund'e.

158 2329 206 2392 Ne
223 2328 297 2393 soret
310 2330 358 2392 hic
373 2329 459 2412 igitur
472 2329 586 2392 mortali
600 2329 713 2393 semine
727 2343 836 2409 cretus,

157 2428 212 2491 llle
228 2428 301 2491 deus
315 2427 466 2492 faciendus
481 2439 552 2491 erat.
598 2427 691 2503 Quod
706 2441 739 2492 ut
754 2450 843 2492 aurea
858 2429 930 2494 vidit

157 2525 262 2590 AEneae
277 2523 425 2610 genitrix3
447 2526 520 2589 vidit
535 2547 653 2612 quoque
667 2526 748 2589 triste
763 2527 858 2613 parari
917 2531 920 2535 ’

157 2623 294 2688 Pontifici
308 2625 412 2702 letum,
428 2637 457 2687 et
471 2624 623 2711 conjurata
637 2647 718 2688 anna
732 2626 855 2690 moveri.

157 2719 285 2786 Palluit:
310 2735 341 2785 et
355 2711 481 2800 cunctis,
496 2736 528 2784 ut
543 2722 652 2806 cuique
668 2737 731 2787 erat
745 2723 843 2803 obvia,
858 2724 944 2804 divis,
1010 2712 1015 2727 ’

158 2826 167 2858 ‘
176 2818 331 2903 Adspice,'
348 2819 476 2898 dicebat,
491 2819 621 2905 ‘quantit
635 2820 705 2884 mihi
721 2822 800 2884 mole
816 2836 956 2905 parentur

157 2917 290 2980 lnsidiae:
316 2916 484 3003 quantique
499 2912 674 3002 caput'cum
689 2917 790 2982 t'raude
806 2932 934 3003 petatur.

157 3014 251 3089 Quod
267 3012 303 3075 de
320 3013 472 3079 Dardanio
486 3017 582 3079 solum
597 3015 668 3079 mihi
679 3021 768 3080 restat
778 3016 856 3081 Iiilo.

157 3112 266 3177 Solane
282 3133 401 3195 semper
414 3107 467 3175 ero'
475 3111 561 3198 justis
576 3106 820 3178 exercitacuris?

157 3210 260 3285 Quam
275 3209 366 3273 modo
380 3208 508 3293 Tydide
523 3208 693 3295 Calydonia
708 3212 843 3276 vulneret
857 3213 953 3292 hasta,

52 3388 64 3399 ·
156 3307 246 3372 Nunc
260 3308 338 3371 mal'e
354 3306 481 3371 delensae
496 3307 676 3373 confundant
691 3312 801 3375 moenia
816 3310 933 3399 ijre:

157 3404 236 3480 Qua
250 3406 368 3468 videam
382 3420 485 3468 natum
499 3405 593 3489 longis
608 3409 752 3471 erroribus
767 3425 877 3488 actum,

156 3502 323 3588 Jactarique
340 3503 424 3581 fretu,
439 3505 584 3588 sedesque
601 3506 707 3568 intrare
724 3507 874 3586 silentum,

155 3601 301 3686 Bellaque
316 3624 386 3665 cum
400 3602 505 3665 Turno
521 3624 634 3685 gerere,
650 3619 710 3682 aut,
725 3605 749 3668 si
765 3626 835 3668 vera
848 3605 985 3678 latemur.
