2536 4252
142 365 186 427 32
465 371 815 421 unrnnonrnosnou

143 521 232 586 Colla
243 521 316 608 jugo
331 523 467 607 eripiunt,
483 523 665 607 abruptaque
680 522 741 584 lora
755 521 933 606 relinquunt.

143 619 208 683 lllic
222 621 310 684 sraena
319 621 431 706 jacent,
447 620 505 683 illic
520 630 639 683 temone
655 619 788 682 revulsus
946 626 951 640 ‘
1055 622 1124 684 ale

144 720 239 796 Axis3
261 719 290 781 in
306 719 363 781 haic
378 720 450 782 radii
466 718 620 782 fractarum
635 731 718 801 parte
733 730 878 778 rotarum:

144 815 310 900 Sparsaque
325 830 393 879 sunt
406 816 465 880 late
480 817 569 879 laceri
585 816 707 898 vestigia
720 814 833 876 curnis.

144 914 188 976 At
202 905 372 991 Phaethon,
387 914 487 977 rutilos
502 914 625 976 flamma·
636 912 797 997 populante
811 911 944 995 capillos

146 1010 284 1074 Volvitur
298 1012 327 1074 in
342 1032 484 1095 pracepS,
498 1011 645 1095 longoque
661 1032 714 1094 per
728 1013 797 1072 adra
811 1022 906 1071 tractu

144 1107 270 1186 Fertur3
291 1123 324 1172 ut
339 1108 484 1172 interdum
500 1110 537 1171 de
551 1109 629 1172 coeio
643 1109 727 1171 stella
741 1129 856 1185 sereno,
972 1144 978 1153 ·
1055 1110 1123 1173 320

146 1205 211 1268 Etsi
226 1229 285 1269 non
299 1207 417 1284 cecidit,
433 1206 527 1290 potuit
542 1207 683 1270 cecidisse
699 1205 801 1268 videri.

145 1304 248 1378 Quem
264 1306 365 1388 procul
381 1327 398 1368 a
412 1305 507 1389 patriai
522 1305 638 1367 diverso
652 1305 798 1366 maximus
813 1303 883 1365 orbe

146 1401 267 1487 Excipit
282 1402 439 1481 Eridanus²
454 1403 679 1487 spumantiaque
695 1402 786 1464 abluit
800 1423 861 1464 ora.

146 1498 258 1563 Naides
274 1500 427 1584 Hesperiae
442 1501 537 1563 nifida
550 1501 692 1563 fumantia
706 1498 828 1562 flammai

146 1598 281 1681 Corpora
293 1599 366 1662 dant
380 1599 511 1661 tumulo:
535 1599 708 1682 signantque
724 1598 781 1660 hoc
795 1597 924 1660 carmine
938 1618 1060 1660 saxum:

146 1696 225 1758 ‘Hic
240 1696 312 1758 situs
327 1710 372 1759 est
387 1695 556 1774 Phaethon,
571 1696 673 1759 currirs
689 1697 789 1779 auriga
803 1695 933 1779 paterni:
1055 1696 1122 1759 326

147 1793 250 1868 Quem
265 1795 289 1856 si
304 1816 363 1856 non
378 1795 481 1872 tenuit,
497 1795 610 1878 magnis
625 1808 724 1857 tamen
739 1795 850 1857 excidit
866 1792 964 1856 ausis.’

148 1889 226 1955 Nam
242 1906 326 1975 pater
339 1892 493 1970 obductos,
508 1893 589 1956 luctu
604 1893 774 1956 miserabilis
790 1913 876 1976 aegro,

96 1995 104 2007 ’
147 1989 328 2053 Condiderat
344 1989 457 2052 vultus:
481 2003 521 2068 et,
537 1992 561 2053 si
576 1991 665 2054 modo
680 1990 836 2067 credimur,
851 2011 945 2052 unum

147 2087 208 2150 lsse
225 2087 303 2150 diem
318 2088 380 2150 sine
395 2088 456 2151 sole
469 2088 579 2151 'serunt
624 2088 767 2151 Incendia
780 2087 881 2149 lumen
966 2122 971 2132 ·
1056 2089 1152 2162 3301

147 2185 339 2263 Praebebaot3
361 2187 523 2271 aliquisque
537 2187 616 2250 malo
631 2185 684 2250 suit
698 2208 767 2248 usus
781 2185 811 2248 in
826 2186 886 2248 illo.

149 2283 189 2346 At
204 2283 353 2368 Clymene
368 2301 524 2370 postquam
539 2285 623 2362 dixit,
640 2306 822 2369 quaecunque
837 2284 954 2347 suerunt

147 2379 181 2443 ln
196 2382 282 2444 tantis
297 2383 422 2446 dicenda
436 2384 540 2461 malis3
562 2383 691 2466 lugubris
706 2397 736 2445 et
751 2387 864 2461 amens,

147 2478 188 2541 Et
202 2480 310 2543 laniata
323 2481 402 2544 sinus
417 2497 510 2545 totum
526 2482 694 2566 percensuit
708 2482 826 2544 orbem:

148 2576 367 2664 Exanimesque
383 2596 461 2671 artus
476 2580 582 2670 primi),
597 2603 667 2643 mox
683 2580 924 2664 ossa'requirens,
1057 2581 1122 2643 335

148 2674 272 2758 Repetit
287 2699 353 2739 ossa
367 2690 465 2739 tamen
482 2678 636 2760 peregrini
650 2679 768 2741 condita
786 2679 860 2762 ripd.

149 2772 341 2858 incubuitque
357 2774 440 2836 loco:
464 2786 632 2858 nomenque
648 2776 677 2838 in
692 2798 835 2839 marmore
850 2778 962 2840 lectum
988 2807 991 2812 ¹

151 2869 281 2934 Perfudit
295 2872 444 2955 lacrymiS,
459 2886 489 2934 et
504 2887 606 2956 aperto
620 2889 741 2958 pectore
757 2875 839 2939 fovit.
909 2859 912 2864 Ι

310 3184 316 3191 „
354 3124 517 3168 HELIADES
540 3127 575 3168 IN
598 3128 742 3170 ARBORES
765 3130 913 3173 MUTATAE·

575 3313 605 3353 v.
621 3295 694 3355 340.

191 3445 258 3555 Nec
273 3458 369 3522 mimis
384 3457 527 3523 Heliades
541 3461 640 3539 fletus,
655 3476 695 3540 et,
710 3463 807 3526 inania
823 3477 909 3526 mortr

149 3555 285 3637 Munera,
301 3557 371 3622 dant
384 3559 547 3644 lacrymas:
571 3573 603 3623 et
616 3581 699 3624 caesae
713 3573 834 3644 pectora
847 3560 954 3647 palmis
1058 3561 1123 3626 340
