2536 4252
747 220 767 249 ὓ

499 413 674 464 EPISTOLA
696 413 756 463 vll.

153 553 261 618 Certus
276 577 319 633 es,
334 555 443 634 AEnea,
458 579 528 620 cum
542 556 654 620 soedere
669 556 785 619 solvere
798 577 908 620 naves:

91 697 95 705 -
195 651 332 738 Quaeque
347 655 396 717 ubi
413 655 470 717 sint
483 655 589 732 nescis,
605 653 681 718 Itala
694 676 784 737 regna
798 654 893 740 sequi.

152 748 183 812 N
184 772 217 812 ec
232 773 311 814 nova
325 751 485 834 Carthago,
500 774 557 815 nec
571 766 601 815 te
615 753 778 816 crescentia
791 766 914 834 tangunt

194 846 327 925 Moenia3
350 870 406 911 nec
421 862 538 933 sceptro
552 849 658 912 tradita
672 870 789 913 summa
802 862 864 913 tuo.
1090 855 1129 916 10
1153 868 1158 875 ·

151 943 245 1008 Facta
260 945 353 1028 sugis3
375 945 508 1010 iacienda
524 947 612 1031 petis.
657 945 829 1021 Quaerenda
843 969 897 1032 per
910 949 1014 1012 orbem
1079 952 1085 960 “

193 1044 308 1122 Altera,
323 1045 444 1129 quesita
458 1060 502 1109 est
517 1046 609 1108 altera
623 1058 700 1108 terra
718 1046 782 1109 ribi.

150 1139 194 1205 Ut
209 1156 315 1205 terram
331 1144 473 1221 invenias,
489 1144 553 1228 quis
568 1166 635 1207 eam
650 1145 702 1207 tibi
717 1145 813 1207 tradet
828 1145 1017 1210 habendam?

193 1239 272 1314 Quis
286 1263 339 1302 sua
354 1264 413 1303 non
428 1242 503 1303 notis
518 1263 588 1304 arva
603 1242 732 1304 tenenda
746 1242 849 1306 dabit?

149 1339 236 1401 Alter
251 1339 404 1401 habendus
419 1360 501 1401 amor
514 1339 566 1402 tibi
582 1353 682 1417 restat,
697 1353 727 1402 et
742 1339 833 1401 altera
848 1337 947 1403 Dido:
1090 1343 1128 1405 15

193 1435 355 1521 Quamque
371 1438 477 1499 iterum
492 1436 585 1514 sallas,
601 1437 692 1501 altera
707 1437 805 1500 danda
818 1436 902 1500 fides.

53 1616 55 1618 v
150 1532 282 1607 Quando
297 1535 361 1612 erit,
376 1548 409 1597 ut
422 1535 532 1597 condas
543 1534 633 1598 instar
643 1533 830 1617 Carthaginis
841 1534 957 1613 urbem,

191 1631 232 1694 Et
248 1633 347 1695 videas
364 1633 490 1716 populos
504 1634 580 1696 altus
595 1633 632 1696 ab
648 1655 714 1697 arca
730 1635 816 1698 tuos?

148 1729 257 1793 Omnia
272 1745 304 1793 ut
319 1732 466 1809 eveniant,
480 1753 537 1794 nee
551 1745 581 1794 te
596 1745 647 1794 tua
661 1745 731 1795 vota
744 1744 913 1810 morentur3

190 1827 281 1892 Unde
296 1829 358 1908 tibi,
375 1842 483 1914 quate
498 1828 540 1892 sio
555 1843 646 1908 amet,
660 1851 736 1894 uxor
750 1830 825 1894 erit?
1084 1832 1128 1896 20

147 1927 259 1991 AEneas
272 1928 365 1991 oculis
380 1919 658 2013 sempervigilantis
672 1928 812 1993 inheret:

190 2025 307 2088 AEnean
322 2026 420 2089 animo
434 2023 555 2111 no'xque
570 2027 693 2113 diesque
708 2024 808 2091 resert.

148 2123 201 2186 Ille
216 2125 334 2208 quidem
349 2123 427 2188 male
443 2138 553 2208 gratus,
568 2137 598 2188 et
613 2125 651 2187 ad
666 2147 734 2188 mea
747 2145 871 2188 munera
884 2123 1008 2204 surdus3

190 2221 231 2284 Et
246 2245 314 2307 quo,
329 2223 426 2286 sinon
441 2222 496 2285 sim
511 2221 609 2300 stulta,
623 2242 724 2285 carere
739 2222 846 2286 velim:

145 2317 177 2382 N
179 2341 216 2381 on
231 2333 330 2384 tamen
345 2319 475 2399 AEnean,
491 2319 627 2405 quamvis
640 2320 719 2383 male
730 2320 854 2407 =cogitat,
868 2320 936 2384 odi:
1082 2315 1125 2380 25

189 2417 249 2481 Sed
266 2440 372 2503 queror
385 2418 517 2495 infidum,
533 2431 695 2502 questaque
711 2417 796 2502 pejus
811 2439 889 2481 arno.

146 2513 252 2592 Parce,
269 2515 384 2591 Venus,
400 2514 496 2591 nurui,
511 2513 677 2599 durumque
692 2514 872 2598 amplectere
887 2513 1017 2595 fratrem,

188 2612 294 2675 Frater
308 2613 419 2675 Amor:
443 2612 544 2674 castris
558 2611 663 2675 militet
676 2611 726 2675 ille
743 2612 810 2675 tuis.

145 2710 248 2774 Fauor
260 2733 267 2787 3
290 2724 321 2774 et
335 2710 389 2773 ista
403 2709 475 2774 mihi
489 2709 563 2773 salsb
573 2709 702 2795 jactatur
715 2710 824 2794 imago.

187 2807 292 2872 Matris
308 2810 345 2871 ab
360 2808 478 2892 ingenio
493 2808 612 2872 dissidet
627 2809 675 2875 ille
690 2831 761 2874 suae.

51 2957 60 2974 .
144 2907 192 2970 Te
207 2907 292 2992 lapis,
308 2921 338 2970 et
353 2922 478 2984 montes,
493 2907 650 2992 innataque
665 2909 786 2992 rupibus
801 2909 866 2972 altis

188 3006 320 3084 Robora,
336 3007 365 3069 te
380 3028 463 3069 saevae
480 3007 663 3090 progenuere
678 3005 763 3070 serae:

145 3106 209 3167 Aut
223 3127 315 3182 mare,
331 3105 417 3191 quale
431 3103 514 3167 vides
530 3104 724 3188 agitarinuno
737 3127 858 3191 quoque
874 3108 986 3173 ventis:

188 3202 280 3277 Quod
296 3217 395 3266 tamen
410 3202 539 3266 adversis
553 3202 690 3266 fluetibus
705 3203 746 3267 ire
761 3225 856 3288 paras.

146 3299 219 3374 Qut
234 3300 330 3384 sugis?
352 3301 450 3364 obstat
463 3300 576 3364 hierns:
599 3300 704 3364 hiemis
719 3302 791 3365 mini
806 3302 898 3385 gratia
912 3303 1014 3387 prosit.
1079 3306 1123 3369 35

188 3398 331 3482 Adspice,
346 3412 379 3461 ut
394 3419 512 3461 eversas
526 3399 655 3462 concitet
669 3397 769 3462 Eurus
783 3421 885 3485 aquas.

146 3495 237 3570 Quod
253 3497 304 3558 tibi
319 3497 484 3581 maluerim,
498 3496 562 3560 sine
577 3518 626 3559 me
640 3497 748 3560 debere
764 3497 910 3581 procellis.

186 3593 299 3658 Justior
312 3608 358 3658 est
372 3595 470 3658 animo
485 3608 591 3659 ventus
606 3609 637 3660 et
651 3595 732 3660 unda
745 3609 808 3659 tuo.

445 3695 486 3757 14
