2536 4252
157 422 220 482 112
470 397 816 478 uerluomnosnou
849 432 855 438 ·

156 575 207 653 Et,
223 577 285 640 sine
300 599 360 654 me,
375 598 424 640 me
440 591 546 660 pontus
561 576 661 637 hahet.
706 573 864 637 Crudelior
877 572 942 655 ipso

155 675 201 737 Sit
215 675 287 737 milri
302 697 386 738 mens
400 675 517 757 pelago,
532 674 556 736 si
570 673 660 735 vitam
676 672 784 734 ducere
799 671 874 732 nitar

155 771 298 854 Longiin,
314 783 346 834 et
357 778 441 834 'tanto
456 792 586 854 pugnem
600 790 755 853 superesse
770 767 873 831 dolori.
1066 767 1132 828 340

155 870 217 932 Sed
232 891 329 953 neque
345 870 501 954 pugnabo:
524 882 635 946 necte,
650 867 826 944 miserande,
841 866 1020 954 relinquam:
1080 889 1083 894 ·

155 967 197 1031 Et
212 968 264 1031 tibi
278 990 357 1031 nunc
370 969 475 1053 saltem
491 967 608 1030 veniam
621 986 739 1028 comes:
763 965 852 1049 inque
867 963 1013 1046 sepulcro,

155 1065 188 1128 Si
203 1087 262 1127 non
277 1086 360 1141 uma,
375 1079 474 1126 tamen
486 1055 592 1148 junget
605 1085 659 1124 nos
672 1062 775 1138 litera3
797 1061 821 1123 si
836 1083 894 1123 non

155 1162 279 1225 Ossibus
294 1183 361 1224 ossa
375 1162 459 1238 meis,
475 1174 505 1223 at
519 1182 627 1222 nomen
640 1160 760 1222 nomine
774 1157 915 1241 tangam?
1004 1198 1006 1202 -

156 1258 246 1327 Plura
262 1259 344 1321 dolor
360 1259 513 1343 prohibet;
535 1259 684 1342 verboque
699 1257 856 1320 intervenit
869 1255 951 1319 omni
1065 1259 1131 1319 345
1229 1267 1240 1291 ”

155 1355 302 1438 Plangorr
326 1372 356 1419 et
371 1357 495 1419 attonito
508 1356 635 1439 gemitus
649 1376 667 1418 e
681 1355 771 1418 oorde
785 1355 950 1418 trahuntur.
968 1385 972 1390 ·
1050 1372 1053 1376 ·

198 1453 289 1516 Mane
305 1468 383 1516 erat:
407 1454 554 1536 egreditur
568 1454 654 1517 tectis
668 1453 705 1516 ad
721 1453 818 1516 littus:
841 1465 872 1515 et
888 1453 970 1515 illum

157 1550 269 1614 llloesta
282 1552 382 1614 locum
397 1552 514 1635 repetit,
529 1551 567 1612 de
583 1572 642 1634 quo
656 1550 804 1635 spectarat
818 1563 950 1612 euntem.
988 1573 989 1577 ¹

156 1647 311 1732 Dumque,
327 1645 479 1711 ‘Moratus
494 1648 533 1711 ibi
544 1648 563 1725 3’
585 1648 727 1732 dumque,
742 1647 821 1710 ‘ch
836 1647 1003 1726 retinacula¹
1011 1647 1108 1724 solvit,

156 1745 225 1810 Hoc
240 1747 312 1809 mihi
326 1746 481 1809 discedens
496 1746 578 1809 dedit
591 1743 693 1809 oscula
706 1745 823 1823 littore,'
835 1745 916 1822 dicit,
954 1785 957 1789 -
1066 1747 1131 1808 350
1192 1754 1196 1762 '

82 1877 84 1880 ·
159 1843 315 1928 [Dumque
326 1847 430 1907 notata
442 1845 534 1907 oculis
548 1843 741 1907 reminiscitur
754 1858 830 1922 acta,
845 1842 1024 1928 fretumque]

157 1941 322 2025 Prospicit3
344 1943 373 2004 in
388 1941 509 2026 liquidi,
523 1941 618 2026 spatio
632 1941 768 2019 distante,
783 1955 882 2005 tuetur

157 2036 268 2102 Nescio
283 2039 364 2125 quid,
381 2039 462 2124 quasi
476 2060 595 2123 corpus,
609 2039 704 2124 aqud:
726 2039 892 2125 primdque‚
907 2037 978 2124 quid
992 2036 1062 2101 illud

157 2136 256 2215 Esset,
272 2151 334 2202 erat
349 2138 481 2202 dubium.
526 2136 690 2222 Postquam
705 2135 794 2221 pauld
808 2137 923 2221 appulit
937 2135 1034 2213 unda3

157 2234 209 2314 Et,
225 2237 358 2321 quamvis
373 2237 483 2314 aberat,
497 2234 606 2320 corp'us
620 2249 799 2307 tamenesse
812 2235 960 2320 liquebat3
1014 2258 1026 2266 “
1066 2237 1130 2298 355

157 2332 222 2407 Qui
236 2334 321 2412 soret,
337 2335 482 2418 ignorans,
498 2335 566 2418 quia
580 2332 747 2415 naufragus,
760 2333 859 2396 omine
873 2347 955 2396 mota
968 2345 1024 2410 est,
1067 2342 1080 2357 ’

157 2428 199 2494 Et
223 2445 363 2516 tanquam
389 2433 489 2516 ignoto
517 2432 679 2514 lacrymam
708 2430 801 2509 daret,
826 2429 927 2510 ‘Heu,
951 2429 1061 2508 miser,'
1086 2429 1131 2492 in·

286 2530 359 2613 quit,

156 2625 320 2711 ‘Quisquis
335 2649 378 2706 es,
395 2642 424 2689 et
447 2627 471 2689 si
495 2648 553 2711 qua
576 2639 621 2689 est
641 2625 753 2711 conjux
776 2626 859 2690 tibil'
903 2624 1059 2689 Fluctibus
1081 2644 1132 2688 ac·

286 2739 350 2786 tum
763 2717 775 2736 ’

157 2820 207 2884 Fit
223 2822 342 2904 propius
356 2842 474 2905 corpus.
519 2819 613 2896 Quod
627 2841 687 2906 quo
700 2819 793 2902 magis
807 2820 856 2884 illa
869 2833 979 2898 tuetur,

83 2983 85 2987 Α
157 2917 226 2981 Hoc
241 2918 347 2996 mimis,
361 2932 392 2983 et
406 2919 502 2983 mimis
517 2932 562 2982 est
575 2939 677 2982 amens
690 2939 754 2982 sua.
798 2916 928 3003 Jamque
941 2919 1114 3003 propinque

157 3014 430 3092 Admotumterrae,
441 3015 504 3100 jam
519 3017 598 3100 quod
612 3037 792 3099 cognoscere
807 3029 917 3100 posset,
1066 3017 1128 3081 361

137 3159 143 3164 ·
157 3112 273 3178 Cernit.
318 3112 392 3175 Erat
406 3112 526 3197 conjux.
571 3112 644 3176 ‘Ille
659 3114 725 3191 est,'
741 3115 907 3177 exclamat:
930 3127 961 3176 et
974 3111 1036 3177 und

156 3210 229 3288 Ora,
243 3232 354 3287 comas,
371 3223 484 3273 vestem
498 3210 623 3273 lacerat:
646 3210 830 3295 tendensque
844 3224 1004 3275 trementes

85 3378 87 3385 Α
157 3309 207 3371 Ad
223 3307 330 3392 Cdyoa
344 3329 458 3385 manus,
469 3313 482 3344 ¹
492 3307 552 3384 Sic,
567 3329 586 3370 o
599 3308 747 3386 carissime
761 3308 883 3395 conjux,

156 3405 206 3468 Sic
221 3405 258 3467 ad
273 3426 333 3482 me,
348 3404 524 3480 miserande,
538 3404 615 3467 redis
624 3405 646 3468 ?’
665 3407 720 3469 ait.
765 3406 895 3491 Adjecet
908 3405 995 3469 undis
1065 3407 1132 3470 '365

147 3500 251 3564 ‘Facta
265 3524 354 3564 manu
368 3503 479 3566 moles:
503 3522 566 3586 quae
581 3503 689 3586 primas
704 3504 826 3588 equoris
841 3504 896 3567 iras
