2536 4252
510 393 619 446 LIBER
635 394 711 446 XIII.

124 543 309 631 Exspectata
324 547 384 625 din,
399 547 489 625 nulla,
506 560 556 610 aut
570 547 713 610 contraria
726 546 823 623 classi,

124 643 260 709 Flamina
273 631 359 708 sunt}
383 646 521 728 duraeque
533 644 640 729 jubent
654 644 881 726 Agamemnona
894 655 987 705 sortes

67 779 69 782 ·
123 742 305 806 Immeritam
319 765 402 806 saevae
418 758 516 804 natam
532 757 660 805 mactare
676 742 792 804 Dianae.
833 757 835 761 ’
1038 741 1123 825 185,

124 839 263 922 Denegat
278 842 335 904 hoc
349 841 472 922 genitor,
489 841 621 925 divisque
637 841 769 903 irascitur
783 838 870 923 ipsis:

124 940 225 1024 Atque
240 939 269 1001 in
285 960 354 1022 rege
369 953 469 1002 tamen
486 953 571 1023 pater
585 951 640 1001 est.
686 938 753 1020 Ego
767 937 838 1000 mite
854 938 983 1020 parentis

123 1036 277 1120 Ingenium
293 1037 389 1100 verbis
404 1036 441 1100 ad
457 1037 576 1120 publica
589 1037 746 1099 commoda
762 1036 845 1098 verti.
896 1028 897 1031 ¹

122 1135 152 1199 N
155 1159 212 1198 uno
227 1127 483 1220 equidem'lateor,
498 1134 634 1219 lassoque
649 1135 782 1218 ignoscat
795 1134 934 1213 Atrides3

123 1235 283 1298 Difficilem
298 1234 380 1297 tenui
394 1234 449 1296 sub
464 1234 563 1317 iniquo
574 1233 675 1317 jndice
690 1255 819 1296 eausam.
1039 1235 1101 1298 190

122 1332 214 1395 Hunc
229 1347 329 1396 tamen
344 1332 453 1394 utilitas
468 1331 581 1414 populi,
598 1330 764 1415 fratrisque,
780 1331 899 1415 datique

122 1430 247 1493 Summa
261 1444 362 1492 movet
374 1429 496 1512 sceptri,
511 1429 631 1492 laudem
647 1443 679 1491 ut
692 1450 762 1491 curn
777 1429 917 1511 sanguine
934 1443 1050 1512 penset.

123 1529 228 1591 Mittor
242 1541 272 1590 et
287 1528 324 1590 ad
338 1541 482 1590 matrem:
507 1549 570 1611 quae
585 1550 644 1589 uon
660 1526 812 1603 hortanda,
827 1527 881 1589 sed
895 1541 961 1591 astu
990 1612 1003 1625 ⁸

20 1637 25 1643 '
123 1626 311 1710 Decipienda
325 1625 389 1688 suit.
434 1624 508 1699 Quo
523 1626 547 1688 si
562 1624 755 1688 Telamonius
770 1626 851 1703 isset,

124 1724 206 1786 Orba
221 1724 279 1786 suis
294 1737 392 1787 essent
408 1724 569 1786 etiamnum
584 1724 674 1785 lintea
691 1723 796 1786 ventis.
1040 1725 1100 1789 195

133 1813 136 1819 ¹
166 1821 271 1885 Mittor
285 1838 315 1884 et
331 1821 434 1884 Iliacas
449 1821 548 1883 audax
562 1836 659 1884 orator
674 1821 709 1884 ad
726 1839 825 1885 arces:

124 1918 256 2004 Visaque
272 1935 302 1984 et
316 1921 420 1983 intrata
435 1933 479 1981 est
495 1920 559 1982 altae
574 1920 647 1982 mihi
661 1921 741 1982 curia
755 1918 866 2006 Trojae.

123 2017 278 2102 Plenaque
293 2018 390 2081 adhuc
400 2031 467 2106 'erat
482 2018 531 2079 illa
547 2018 626 2080 viris.
671 2017 822 2080 Interritus
837 2018 895 2101 egi,
960 2061 962 2066 ι

124 2114 226 2189 Quam
241 2116 313 2177 mihi
328 2115 482 2177 mandarat
496 2116 661 2177 communis
678 2115 803 2192 Graecia,
818 2136 955 2178 causam:

124 2214 304 2298 Accusoqne
319 2212 419 2289 Parin,
435 2212 633 2296 predamque,
649 2211 858 2297 Helenamque
873 2235 1014 2296 reposco:
1091 2262 1093 2266 a

125 2310 166 2373 Et
180 2332 287 2377 moveo
302 2310 465 2388 Priamum,
480 2309 659 2395 Priamoque
674 2311 828 2374 Antenora
838 2311 986 2397 junctum.
1038 2314 1098 2376 201

125 2409 166 2471 At
183 2409 278 2486 Paris,
294 2424 324 2471 et
339 2409 451 2485 statreS,
467 2422 497 2471 et
512 2409 562 2491 qui
576 2411 700 2491 rapuere
715 2410 769 2471 sub
784 2409 843 2486 illo,

125 2505 187 2568 Vix
202 2506 325 2568 tenuere
340 2527 445 2576 manns
463 2505 533 2591 (scis
549 2507 617 2582 hoo,
634 2504 791 2591 Menelai)
808 2504 966 2570 nefandas:

124 2603 283 2687 Primaque
299 2604 351 2664 lux
366 2603 456 2665 nostri
470 2617 569 2665 tecum
584 2602 638 2665 suit
653 2603 702 2666 illa
716 2604 828 2686 pericli.

167 2700 272 2782 Longa
287 2699 394 2762 referre
409 2722 491 2763 mora
506 2714 561 2778 est,
578 2723 641 2785 quae
656 2689 837 2787 consilioque
853 2723 1002 2788 manuque
1038 2704 1102 2767 ‘205

124 2798 245 2862 Utiliter
258 2797 315 2880 seni
329 2798 448 2881 spatiosi
463 2812 596 2882 ternpore
614 2799 693 2862 belli.
896 2800 898 2804 ’

124 2897 197 2960 Post
213 2898 291 2960 acies
306 2898 425 2981 primas,
440 2897 518 2960 urbis
533 2919 565 2959 se
580 2898 727 2960 moenibus
747 2897 846 2960 hostes

125 2995 308 3058 continuere
324 2995 393 3073 diu;
416 3017 472 3058 nec
487 2995 581 3079 aperti
595 2995 682 3079 copia
696 2993 802 3057 Martis

127 3092 196 3154 Ulla
210 3092 281 3155 suit:
306 3094 421 3157 decimo
436 3093 556 3156 demum
572 3094 767 3177 pugnavimus
782 3115 870 3157 anno.

127 3188 210 3262 Quid
227 3190 296 3257 facis
312 3192 434 3268 interea,
450 3192 499 3275 qui
514 3192 554 3254 nil
571 3192 625 3253 nisi
640 3192 745 3274 proelia
758 3192 856 3255 ndsti?
1038 3193 1101 3256 210

127 3287 204 3360 Quis
219 3302 286 3351 tuus
301 3311 371 3350 usus
387 3291 468 3350 erat?
491 3362 494 3366 ,
514 3287 593 3351 Nam
610 3290 632 3350 si
649 3311 716 3351 mea
730 3289 807 3353 sacta
821 3289 952 3374 requiris,

127 3384 269 3448 llostibns
285 3386 419 3448 insidior:
442 3384 533 3448 fossas
548 3386 708 3448 munimine
723 3387 827 3470 cingo:

127 3482 274 3548 Consolor
286 3485 391 3560 socios,
406 3497 440 3547 ut
454 3484 533 3566 longi
547 3484 633 3546 taedia
647 3483 717 3546 belli

386 3586 422 3644 ll
