2536 4252
438 656 825 732 HEROIDES.
936 663 939 668 ’

499 1043 719 1108 EPISTOLA
741 1044 768 1108 Ι.

471 1236 641 1278 PENELOPB
670 1237 793 1278 ULYssr.

148 1396 242 1460 Hanc
258 1411 309 1460 tua
323 1397 478 1481 Penelope
493 1397 574 1459 lento
590 1396 641 1458 tibi
656 1397 754 1474 mittit,
770 1397 891 1481 Ulysse.

189 1494 241 1558 Nil
256 1495 326 1558 mihi
340 1495 481 1558 rescribas
495 1508 529 1558 ut
542 1508 653 1573 tamen,
668 1494 732 1578 ipse
748 1495 826 1559 veni.

146 1592 238 1679 Troja
248 1592 331 1678 jacet
345 1593 438 1670 certe,
453 1592 568 1656 Danais
583 1591 676 1655 invisa
690 1594 806 1676 puellis.

190 1689 252 1753 Vix
267 1689 404 1753 Priamus
418 1690 502 1768 tanti,
517 1704 638 1774 totaque
652 1689 754 1776 Troja,
769 1691 835 1755 suit.

146 1786 277 1861 Quando
291 1810 348 1871 ego
362 1811 421 1851 non
437 1788 520 1852 timui
534 1788 665 1872 graviora
680 1790 811 1872 pericula
826 1789 924 1854 veris?
1100 1790 1121 1855 ὅ

188 1884 252 1948 Res
267 1899 312 1949 est
326 1886 440 1950 solliciti
454 1886 544 1972 plena
559 1886 669 1950 timoris
684 1909 776 1952 umor.

144 1982 179 2045 ln
193 1996 223 2046 te
237 1983 384 2067 fingebam
399 1977 655 2048 violentos'Troas
669 1985 777 2050 ituros:

187 2080 316 2146 Nomine
332 2082 361 2145 in
376 2081 528 2147 Hectoreo
542 2083 652 2166 pallida
665 2105 784 2167 semper
797 2105 889 2147 eram.

145 2180 214 2242 Sive
230 2180 294 2264 quis
309 2180 504 2243 Antilochum
518 2179 653 2243 narrabat
668 2180 705 2242 ab
720 2178 853 2244 Hectore
869 2181 999 2259 victum3

188 2277 365 2341 Antilochus
379 2277 469 2350 nostri
484 2298 575 2340 causa
588 2276 698 2341 timoris
713 2290 793 2341 erat:
856 2261 865 2279 ’
1081 2281 1121 2344 10

145 2376 214 2438 Sive
229 2373 434 2439 Menoetiaden
450 2374 528 2439 salsis
542 2374 683 2438 cecidisse
698 2375 752 2437 sub
767 2374 872 2454 armis3

186 2473 312 2537 Flebam
329 2494 465 2536 successu
482 2494 569 2556 posse
584 2493 684 2535 carere
700 2472 794 2535 dolos.

145 2572 294 2653 Sanguine
308 2569 504 2654 Tlepolemus
518 2568 645 2654 Lyciam
660 2569 841 2655 tepefecerat
855 2572 970 2635 hastam
982 2591 991 2652 3

187 2668 358 2752 Tlepolemi
372 2669 432 2731 leto
445 2689 516 2731 cura
530 2682 638 2732 novata
651 2689 719 2732 mea
732 2682 789 2732 est.

143 2768 295 2853 De'nique,
311 2766 440 2853 quisquis
455 2779 517 2830 erat
530 2766 632 2831 castiis
641 2767 793 2854 jugulatus
807 2767 944 2847 Achivis,
1079 2769 1120 2835 15

186 2865 334 2949 Frigidius
349 2865 443 2949 glacie
458 2879 564 2950 pectus
578 2865 702 2929 amantis
717 2878 791 2928 erat.
870 2910 875 2916 -

144 2965 204 3027 Sed
219 2965 295 3027 bene
310 2963 457 3027 consuluit
471 2978 553 3026 casto
568 2962 641 3026 deus
656 2984 757 3047 aequus
771 2964 874 3027 amori.

186 3061 282 3125 Versa
296 3076 342 3125 est
356 3062 385 3124 in
400 3062 530 3125 cinerem
545 3061 655 3145 sospite
669 3060 763 3147 Troja
776 3061 850 3126 viro.

146 3160 275 3242 Argolici
289 3160 402 3222 rediere
419 3159 529 3222 duces:
552 3160 654 3223 altaria
667 3159 797 3224 sumant:

185 3257 311 3320 Ponitur
324 3257 361 3320 ad
378 3258 486 3340 patrios
500 3257 622 3320 barbara
637 3256 735 3341 praeda
749 3258 832 3322 deos.
907 3288 915 3303 ·
1078 3260 1118 3323 2⁰

143 3356 236 3418 Grata
250 3355 346 3418 serunt
362 3353 392 3416 N
393 3355 512 3439 ymphae
528 3376 582 3438 pro
596 3355 682 3418 salvis
697 3356 774 3420 dona
788 3356 915 3420 maritis:

185 3453 231 3516 Illi
247 3453 324 3516 victa
338 3452 397 3515 suis
411 3451 505 3515 Troia
519 3451 578 3516 sata
591 3468 712 3516 canunt.

144 3551 288 3614 Mirantur
298 3549 428 3635 justique
443 3572 539 3629 senes,
554 3551 735 3636 trepideque
751 3551 873 3634 puella:

184 3647 335 3711 Narrantis
350 3646 461 3733 conjux
474 3648 587 3733 pendet
601 3648 637 3711 ab
652 3670 703 3712 ore
718 3648 782 3711 viri.
