2536 4252
123 390 182 462 „rt
255 376 260 382 ’
472 390 821 444 nerinonraosnou

157 544 307 611 Struxerit
321 543 450 623 insidias,
466 559 553 608 notus
568 543 693 621 feritate,
709 541 834 624 Lycaon
844 540 866 603 ?'

200 643 417 708 Confremuere
433 664 552 707 omnes:
576 643 737 726 studiisque
753 640 922 703 ardentibus
937 661 1043 703 ausum

157 743 245 806 Talia
259 743 434 826 deposcunt.
479 742 540 820 Sic,
555 743 625 805 clun
639 761 744 803 manus
758 739 850 822 impia
864 739 947 803 saevit
1075 743 1141 804 200

157 841 307 924 Sanguine
324 840 463 904 Caesareo
478 840 649 903 Romanum
665 839 840 921 extinguere
856 860 976 916 nomen,

159 940 326 1004 Attonitum
341 954 429 1003 tantae
443 941 540 1003 subito
555 953 666 1006 terrore
680 939 770 1001 ruine

157 1038 332 1102 Humanum
347 1061 440 1122 genus
456 1053 518 1117 cst;
541 1052 679 1122 totusque
695 1037 859 1122 perhorruit
878 1037 966 1101 orbis.

157 1136 225 1202 Nec
241 1138 291 1202 tibi
306 1151 389 1220 grata
401 1137 497 1202 minus
512 1138 617 1221 pietas,
633 1137 781 1219 Auguste,
797 1151 924 1213 tuorum,

158 1235 261 1310 Quian
276 1237 330 1300 suit
345 1237 395 1300 illa
409 1235 490 1299 Jovi.
535 1235 600 1309 Qui
616 1250 773 1320 postquam
789 1256 864 1297 voce
880 1253 1031 1319 manuque
1075 1237 1141 1298 205

157 1332 311 1398 Murmura
326 1335 518 1418 cornpressit3
542 1336 666 1397 tenuere
682 1334 797 1396 silentia
812 1332 922 1395 cuncti.

157 1433 292 1497 Substitit
307 1447 340 1497 ut
354 1435 476 1512 clamor,
492 1456 610 1517 pressus
624 1433 767 1516 gravitate
783 1432 911 1515 regentis
920 1455 929 1510 ;

156 1530 274 1616 Jupiter
288 1533 345 1594 hoc
361 1533 466 1594 iterum
482 1554 617 1594 sermone
632 1533 746 1594 silentia
760 1532 886 1615 rumpit:

95 1661 104 1668 κ
158 1628 231 1692 ‘Ille
247 1629 368 1713 quidem
382 1650 488 1713 poenas
506 1628 622 1720 (curam
637 1631 715 1691 hanc
730 1629 882 1715 dimittite)
900 1630 987 1692 solvit
1000 1651 1008 1708 3

158 1726 252 1802 Quod
267 1742 367 1790 tamen
383 1727 552 1806 admissum,
569 1751 633 1812 quae
648 1729 685 1791 sit
700 1728 839 1807 vindicta,
854 1730 979 1792 docebo.
1074 1731 1139 1793 210

158 1825 332 1910 Contigerat
347 1839 458 1889 nostras
474 1826 592 1889 infamia
606 1828 747 1911 temporis
762 1849 865 1891 aures:

158 1924 261 2000 Quam
276 1924 400 2014 cupiens
415 1923 529 2003 falsam,
544 1948 659 1989 summo
675 1926 795 1989 delabor
808 1925 955 2012 Olympo,

158 2022 200 2087 Et
217 2024 290 2086 deus
304 2022 437 2087 humani
450 2024 542 2086 lustro
556 2025 611 2087 sub
626 2025 753 2108 imagine
770 2040 871 2088 terras.
1083 2110 1085 2115 Ι

157 2122 264 2206 Longa
278 2143 361 2185 mota
376 2136 432 2200 est,
448 2136 590 2207 quantum
605 2145 691 2206 norrae
705 2124 743 2187 sit
757 2125 867 2209 ubique
883 2137 1044 2210 repertum,

158 2219 360 2285 Enumerare:
383 2222 479 2284 minor
493 2220 546 2283 suit
561 2221 626 2305 ipsa
643 2222 762 2286 infamia
777 2245 858 2286 vero.
1074 2226 1138 2287 215

158 2318 287 2383 lllaenala
301 2321 484 2398 transieram,
499 2320 617 2383 latebris
633 2320 779 2384 horrenda
794 2322 931 2401 serarum,

158 2415 283 2482 Etcum
300 2418 431 2504 Cylleno
446 2418 535 2503 gelidi
550 2419 652 2502 pineta
666 2418 774 2504 Lycei.

158 2518 291 2581 Arcados
306 2518 375 2582 hinc
390 2518 476 2582 sedes
492 2531 522 2582 et
537 2517 687 2602 inhospita
700 2533 781 2583 tecta
796 2533 912 2604 tyranni
962 2576 964 2581 .

157 2614 318 2698 lngredior‚
330 2617 479 2679 traherent
493 2617 563 2680 otim
578 2639 643 2680 sera
657 2619 835 2701 crepuscula
849 2631 978 2682 noctem.

158 2713 249 2795 Signa
264 2715 331 2776 dedi
343 2715 458 2777 venisse
474 2714 564 2776 deum
578 2736 586 2791 3
609 2715 773 2799 vulgusque
790 2717 902 2800 precari
1067 2719 1138 2782 4220

158 2810 314 2896 Coeperat.
358 2811 462 2875 Irridet
478 2811 575 2894 primi>
591 2812 641 2896 pia
655 2826 724 2876 vota
742 2813 878 2898 Lycaon.

157 2909 300 2995 Mox-ait,
316 2918 335 2948 “
348 2911 506 2995 Experiar,
522 2910 597 2973 deus
613 2911 672 2988 hio,
689 2912 856 2976 discrimine
873 2927 987 2998 aperto,

62 3051 66 3060 ·
157 3010 208 3073 An
224 3010 261 3071 sit
275 3009 421 3071 mortalis:
445 3031 502 3072 nec
517 3009 572 3072 erit
588 3009 748 3074 dubitabile
765 3013 901 3076 verum.''

96 3100 107 3148 ⁸·
157 3107 257 3172 Nocte
272 3129 392 3190 gravem
403 3130 507 3170 sonmo
523 3130 580 3170 nec
594 3107 686 3193 opimi
700 3111 824 3192 perdere
839 3127 934 3175 morte

158 3205 211 3268 Me
227 3220 322 3290 parat.
367 3205 441 3270 Haec
456 3207 497 3270 illi
513 3207 612 3290 placet
629 3207 814 3290 experientia
830 3210 901 3273 veri.
1075 3215 1137 3275 225

158 3303 224 3367 Nec
240 3319 397 3368 contentus
413 3327 459 3383 e0,
475 3306 555 3368 missi
572 3306 609 3368 de
625 3320 714 3389 gente
730 3305 873 3371 lllolossai

114 3395 116 3398 Α
157 3401 278 3466 Obsidis
293 3404 380 3465 unius
391 3403 527 3489 jugulum
542 3427 684 3467 mucrone
699 3405 835 3470 resolvit:

158 3501 259 3586 Atque
276 3503 316 3564 ita
330 3503 494 3566 semineces
509 3502 616 3587 partim
631 3501 811 3567 serventibus
826 3518 906 3568 artus

156 3599 258 3664 Mollit
272 3601 366 3686 aquis,
381 3601 486 3687 partim
501 3601 637 3688 subjecto
652 3602 840 3687 torruitigni.
