2536 4252
167 411 230 473 130
420 447 424 454 -
451 391 458 410 ’
483 416 831 477 uurnuonruosaou

163 566 235 632 Non
249 568 377 652 captiva,
392 581 491 650 rogat3
514 567 769 650 genitrici'corpus
785 567 949 650 inemptum

163 665 313 730 Reddite:
336 688 414 729 neve
430 688 500 727 auro
514 665 639 727 redimat
649 665 698 749 jus
714 665 794 727 triste
810 665 948 748 sepulcri,

162 765 225 829 Sed
241 766 389 849 lacrymis
433 764 533 841 Tunc,
548 766 618 826 edm
633 776 759 847 poterat,
774 763 939 827 redimebat
953 776 984 826 et
997 762 1091 826 auro!

205 863 345 928 Dixerat.
393 863 435 925 At
449 863 578 946 populus
592 862 748 945 lacrymas,
765 882 837 946 quas
852 862 901 924 illa
915 861 1046 940 tenebat,

162 959 234 1024 Non
248 976 341 1025 tenet.
385 959 455 1045 Ipse
470 961 558 1023 etiam
574 959 648 1022 flens
662 961 830 1044 invitusque
846 959 983 1022 sacerdos
1078 962 1145 1024 470

163 1059 291 1123 Praebita
304 1059 439 1144 conjecto
453 1058 532 1142 rupit
547 1058 705 1141 precordia
718 1057 805 1121 serro.

162 1156 227 1235 Illa,
242 1179 332 1247 super
345 1172 452 1220 terram
468 1156 585 1218 delecto
601 1157 713 1239 poplite
729 1158 843 1235 labens,
858 1193 861 1199 ·

64 1254 70 1267 '
163 1254 289 1318 Pertulit
303 1254 464 1338 intrepidos
479 1255 516 1316 ad
532 1253 592 1317 sata
607 1254 766 1317 novissima
780 1256 890 1318 vultus.

162 1352 297 1416 Troades
312 1342 475 1437 excipiunt,
491 1353 719 1437 deploratosque
735 1367 891 1417 recensent

163 1450 337 1528 Priamidas,
353 1466 383 1515 et
398 1451 468 1535 quid
483 1451 597 1514 dederit
611 1451 717 1514 domus
731 1474 790 1513 una
804 1453 926 1514 cruoris.
1077 1453 1143 1516 475

162 1547 271 1633 Teque
287 1563 420 1631 gemunt,
438 1549 537 1629 virg03
559 1563 661 1632 teque,
676 1570 694 1611 o
709 1549 799 1611 modi>
814 1550 896 1632 regia
909 1548 1031 1634 conjux,

162 1643 261 1728 Regia
276 1647 354 1709 dicta
370 1667 489 1730 parens,
508 1646 585 1708 Asiae
600 1647 731 1709 llorentis
747 1649 863 1730 imag03
1036 1638 1040 1643 ’

162 1743 252 1807 Nunc
268 1745 357 1807 etiam
373 1745 477 1828 praedae
492 1746 663 1819 malasors:
687 1768 776 1830 quam
791 1746 885 1808 victor
898 1744 1026 1829 Ulysses

162 1841 239 1906 Esse
254 1865 336 1905 suam
352 1844 455 1919 nollet,
471 1843 525 1905 nisi
541 1843 621 1927 qudd
637 1857 736 1906 tamen
753 1842 884 1906 Hectora
899 1856 984 1928 partu

161 1940 317 2004 Edideras.
363 1941 528 2003 Dominum
543 1941 628 2004 matri
644 1941 694 2004 vix
709 1941 819 2024 reperit
833 1939 959 2005 Hector.
1076 1942 1142 2006 480

161 2038 240 2113 Quae
254 2061 361 2123 corpus
376 2039 535 2122 complexa
549 2039 653 2102 animae
668 2054 728 2102 tam
745 2038 826 2102 fortis
841 2040 940 2117 inane,

161 2136 247 2211 Quas
263 2138 348 2200 toties
363 2137 464 2221 patrie
479 2137 610 2215 dederat,
626 2138 771 2221 natisque,
787 2137 919 2221 viroque,

160 2233 242 2299 Huic
257 2259 374 2320 quoque
390 2236 440 2298 dat
455 2237 620 2318 lacrymas3
642 2236 789 2318 lacrymas
805 2237 835 2298 in
852 2236 975 2298 vulnera
989 2234 1102 2300 fundit:

159 2333 332 2417 Osculaque
347 2355 398 2397 ore
414 2334 496 2416 legit,
511 2347 712 2416 consuetaque
728 2348 850 2417 pectora
865 2333 995 2418 plangit:

161 2431 370 2516 Canitiemque
386 2454 471 2494 suam
486 2445 624 2494 concreto
640 2432 669 2493 in
685 2433 827 2514 sanguine
844 2453 974 2510 verrem,
1075 2433 1141 2497 485
1179 2427 1188 2437 ’

159 2529 250 2592 Plura
266 2531 394 2615 quidem,
410 2531 509 2593 sedet
525 2531 598 2607 haec,
613 2530 723 2591 laniato
739 2543 858 2613 pectore
874 2530 965 2593 dixit:

160 2627 258 2691 ‘Nata
273 2644 328 2691 tuae
348 2629 433 2713 (quid
448 2629 527 2690 enim
543 2642 678 2710 superest
688 2627 715 2712 l)
733 2629 816 2691 dolor
831 2628 934 2690 ultime
949 2627 1045 2705 matri,

160 2723 249 2802 Nata,
260 2726 361 2810 jaces:
386 2727 533 2810 videoque
551 2741 645 2802 tuum,
661 2747 728 2816 mea
745 2727 875 2804 vulnera,
890 2727 1008 2788 vulnus.

159 2822 219 2900 En,
235 2846 272 2886 ne
288 2825 464 2908 perdiderim
481 2845 648 2908 quenquam
664 2824 725 2886 sine
741 2824 822 2886 caede
836 2846 981 2905 meorum,

150 2921 207 2984 Tu
226 2945 342 3007 quoque
359 2926 463 2986 vulnus
480 2924 582 2987 habes.
629 2923 671 2984 At
686 2936 726 3001 te,
743 2918 959 3007 quia‘foemina,
974 2923 1140 2987 rebar.⁴190

163 3020 189 3082 A
205 3019 279 3082 serro
294 3033 404 3083 tutam:
429 3022 560 3083 cecidisti
576 3036 606 3083 et
621 3021 741 3083 foemina
757 3020 843 3084 serto·
877 3092 878 3095 Ἴ

158 3118 280 3202 Totque
296 3131 362 3179 tuos
378 3119 457 3179 idem
474 3117 586 3196 fratres
602 3132 632 3199 te
648 3119 775 3201 perdidit
789 3120 879 3197 idem,

160 3216 294 3280 Exitium
309 3215 418 3300 Trojae,
434 3217 583 3300 nostrique
598 3218 725 3293 orbator,
739 3218 885 3279 Achilles.

159 3316 201 3404 At
216 3330 373 3399 postquam
389 3313 504 3377 Paridis
519 3315 624 3377 cecidit
641 3314 809 3398 Phoebique
825 3315 937 3396 sagittis
946 3336 955 3391 ;
1030 3356 1033 3364 ·

159 3421 177 3452 “
188 3415 277 3477 Nunc
292 3414 406 3490 certe‚''
423 3413 495 3490 dixi,
512 3420 531 3450 “
541 3436 599 3474 non
616 3426 661 3474 est
676 3413 852 3475 metuendus
868 3401 1037 3475 AchilleS.''
1073 3415 1138 3476 495

159 3512 248 3597 Nunc
264 3535 380 3597 quoque
395 3512 437 3575 mi
451 3512 628 3574 metuendus
642 3525 714 3573 erat.
760 3510 845 3574 Cinis
860 3511 924 3594 ipse
943 3511 1051 3595 sepulti
1072 3590 1073 3594 Ἰ

158 3610 192 3675 ln
207 3633 300 3695 genus
315 3614 372 3674 hoo
387 3612 486 3675 saevit:
509 3609 623 3674 tumulo
639 3628 757 3693 quoque
772 3609 916 3671 sensimus
931 3609 1066 3673 hostem:
