2536 4252
146 417 209 479 raa
466 418 817 468 Marnuonrrrosnon

145 571 300 654 Factaque
315 569 461 632 Threiciis
477 569 605 651 ingentia
621 568 742 629 vulnera
757 567 834 628 telis
1059 572 1126 634 539

145 667 279 732 Troades
293 668 479 730 exclamant:
502 665 649 728 obmutuit
664 665 713 727 illa
728 666 848 741 dolore3

145 765 188 830 Et
202 767 309 850 pariter
324 786 440 841 vocem,
454 764 658 847 lacrymasque
674 763 812 825 introrsus
826 763 944 827 obortas

145 862 281 926 Devorat
294 863 358 946 ipse
372 862 472 924 dolor:
496 861 628 944 duroque
643 860 788 922 simillima
802 881 877 923 saxo

145 959 278 1044 Torpet:
301 970 334 1022 et
348 957 473 1022 adversi
485 958 547 1039 figit
561 957 776 1020 modolamine
789 958 885 1035 terrd3
1023 1033 1025 1037 ,

145 1056 298 1120 Interdum
312 1071 411 1119 torvos
425 1055 555 1118 sustollit·
564 1055 601 1116 ad
617 1055 725 1116 aethera
741 1055 856 1118 vultus:
902 1104 905 1111 .
1059 1059 1123 1122 535

146 1155 237 1219 Nunc
253 1154 338 1238 positi
352 1167 467 1236 spectat
483 1152 607 1228 vultum,
623 1174 702 1213 nunc
717 1153 849 1229 vulnera,
864 1153 936 1232 nati,

148 1251 282 1316 Vulnera
296 1250 460 1335 praecipue:
483 1271 576 1334 seque
591 1263 683 1311 armat
699 1263 729 1312 et
744 1250 857 1313 instruit
872 1251 926 1314 irt.

147 1350 221 1425 Qut
235 1351 321 1414 simul
337 1349 456 1426 exarsit,
470 1350 610 1432 tanquam
625 1349 725 1429 regina
740 1342 883 1426 maneret,

71 1446 104 1502 ι’
147 1447 259 1512 Ulcisci
273 1448 374 1510 statuit
383 1469 392 1524 ;
415 1467 571 1531 poenaeque
586 1446 615 1508 in
631 1445 758 1527 imagine
774 1458 836 1509 tota
851 1460 907 1510 est.

150 1544 249 1629 thue
264 1544 332 1608 furit
345 1545 444 1607 catulo
458 1544 586 1605 lactente
602 1543 702 1604 orbata
716 1543 819 1620 leaena,
1060 1549 1124 1610 540

147 1642 296 1726 Signaque
311 1655 398 1704 nacta
413 1640 535 1724 pedum,
551 1640 691 1723 sequitur,
708 1661 796 1723 quem
812 1661 871 1703 non
884 1641 975 1720 videt,
987 1643 1122 1707 hostem:

147 1740 198 1804 Sic
212 1738 352 1816 Hecube,
368 1751 525 1822 postquam
539 1759 608 1800 cum
624 1738 705 1800 luctu
720 1737 835 1801 miscuit
851 1738 934 1818 iram,

148 1837 217 1901 Non
233 1839 323 1901 oblita
337 1838 512 1913 animorum,
527 1857 670 1898 annorum
685 1836 774 1898 oblita
789 1857 920 1916 suorum,

149 1935 241 1999 Vadit
256 1936 293 1998 ad
308 1936 448 1998 artificem
463 1934 531 1996 dire
546 1933 753 2017 Polymestore
766 1934 874 1998 cedis:
1031 2014 1034 2018 .

148 2033 398 2117 Colloquiumque
414 2032 508 2116 petit:
530 2053 598 2094 nam
614 2053 647 2094 se
662 2045 824 2095 monstrare
839 2033 975 2097 relictum
1060 2037 1125 2100 545

149 2131 237 2194 Velle
251 2131 345 2194 latens
359 2130 409 2208 illi,
425 2131 504 2215 quod
519 2145 589 2194 nato
602 2130 751 2208 redderet,
766 2151 881 2196 aurum.

148 2228 283 2294 Credidit
297 2227 460 2313 Odrysius:
484 2229 648 2314 praedaque
663 2229 802 2291 adsuetus
817 2249 918 2292 amore
982 2216 990 2235 ‘
1014 2258 1028 2311 j

117 2348 120 2352 ’
148 2329 183 2393 In
198 2344 313 2395 secreta
327 2331 424 2393 venit:
447 2351 517 2392 cum
531 2330 640 2392 blando
654 2329 853 2408 callidus‘ore‚

149 2435 158 2467 ‘
167 2428 254 2492 Tolle
269 2450 377 2506 moras,
393 2427 543 2506 Hecube‚'
558 2428 650 2491 dixit:
674 2427 730 2489 ‘da
745 2449 869 2491 munera
883 2441 964 2492 nato.

149 2525 248 2590 Omne
264 2526 326 2590 sore
341 2527 416 2591 illius
431 2527 511 2611 quod
525 2527 588 2604 das,
606 2525 686 2610 quod
701 2529 731 2588 et
745 2525 815 2588 ante
831 2526 946 2606 dedisti,
1061 2530 1126 2600 550

149 2624 209 2687 Per
222 2647 345 2710 superos
356 2624 446 2709 juro!
491 2625 615 2709 Spectat
630 2624 796 2686 truculenta
814 2625 996 2708 loquentem,

148 2723 296 2808 Falsaque
306 2722 473 2808 jurantem:
497 2723 669 2806 tumidique
685 2736 828 2794 exestuat
842 2723 903 2801 ira3

148 2823 249 2905 Atque
266 2822 307 2884 ita
321 2820 490 2904 correptum
504 2820 687 2904 captivarum
702 2820 819 2902 agmine
834 2835 961 2884 matrum

149 2918 274 2995 lnvolat,
289 2933 320 2982 et
335 2917 439 3000 digitos
455 2918 484 2981 in
499 2918 610 3003 perfida
624 2918 736 2981 lumina
750 2919 862 2998 condit,

150 3015 363 3098 Exspoliatque
378 3016 574 3096 genas-oculis
592 3015 676 3102 (lacit
690 3017 731 3080 ira
747 3016 912 3102 valentem)
1062 3021 1126 3083 555

70 3172 72 3175 .
151 3113 359 3196 immergitque
375 3134 495 3177 manus:
518 3112 687 3198 foedataquc
703 3115 845 3196 sanguine
860 3115 938 3179 sonti

149 3211 218 3275 Non
233 3213 345 3289 lumen,
360 3233 458 3294 neque
473 3212 552 3274 enim
566 3226 711 3295 superest,
725 3213 791 3275 loca
806 3213 924 3279 luminis
940 3214 1047 3279 haurit.

103 3359 110 3372 .
191 3309 287 3374 Clade
302 3309 347 3372 sui
361 3308 514 3372 Thracum
530 3302 724 3392 gensirritata
739 3311 857 3394 tyranni

148 3409 269 3473 Troada
283 3408 409 3472 telorum
425 3407 616 3492 lapidumque
632 3410 779 3471 incessere
791 3409 875 3494 jactu

148 3507 263 3590 Coepit.
308 3507 352 3569 At
366 3507 430 3568 haec
445 3505 565 3569 missum
581 3529 753 3593 rauco-cum
769 3529 919 3571 murmure
933 3529 1041 3572 saxum
1063 3507 1128 3573 tou
1150 3552 1162 3573 a

149 3603 296 3671 Morsibus
311 3604 489 3688 insequitur:
511 3605 646 3690 rictuque
660 3605 691 3667 in
706 3606 795 3671 verba
809 3619 913 3692 parato
1174 3597 1177 3602 ’
