2536 4252
128 427 167 489 18
435 431 784 482 un'ranonruosuon

125 592 134 623 ‘
143 583 214 662 Fer,
228 583 332 669 pater‚’
349 582 452 667 inquit,
468 589 593 666 ‘opem3
615 581 639 645 si
654 580 775 644 flumina
788 601 898 643 numen
913 579 1050 664 habetsJ

126 682 187 746 Vix
203 705 292 767 prece
307 683 398 760 finitai,
413 696 513 765 torpor
526 682 621 764 gravis
636 681 734 762 alligat
748 688 844 743 artus:
1037 683 1099 745 491

125 777 229 844 Mollia
243 782 399 864 cinguntur
413 779 493 842 tenui
509 779 669 863 precordia
682 779 772 841 libro:

125 877 159 941 ln
175 878 306 941 frondem
321 878 426 955 crines,
442 879 470 940 in
486 898 582 940 ramos
597 876 716 939 brachia
730 890 876 939 crescunt.

69 974 78 996 ¹
125 976 195 1054 Pes,
210 977 299 1039 modb
313 991 373 1039 tam
389 976 487 1054 velox,
504 975 592 1060 pigris
607 974 752 1037 radicibus
767 974 875 1037 haeret:

125 1074 188 1137 Ora
201 1095 343 1138 cacumen
358 1075 437 1137 obit:
461 1087 593 1137 remanet
607 1073 684 1136 nitor
697 1095 773 1135 unus
789 1073 817 1135 in
833 1071 893 1135 ills.
1038 1074 1102 1137 495

125 1171 184 1236 Cui
200 1173 283 1250 deus,
299 1173 360 1235 ‘At
373 1171 483 1257 conjux
499 1172 638 1257 quoniam
652 1193 720 1234 mea
734 1193 793 1234 non
808 1184 894 1254 potes
910 1191 987 1248 esse,

125 1264 223 1334 Arbor
236 1272 292 1334 eris
307 1271 410 1348 certe‚'
425 1272 509 1348 dixit,
525 1277 620 1334 ‘mea
666 1270 793 1354 Semper
807 1270 959 1332 habebunt

124 1369 172 1432 Te
187 1390 282 1447 coma,
297 1384 326 1433 te
341 1370 470 1447 cithare,
485 1384 516 1432 te
532 1384 646 1447 nostrae,
661 1369 753 1445 laure,
769 1367 924 1453 pharetrae.

124 1467 174 1531 Tu
190 1468 312 1532 ducibus
328 1467 421 1531 Latiis
436 1468 541 1544 aderis,
555 1469 622 1531 cirm
638 1469 704 1530 laeta
717 1465 901 1550 triumphum

128 1565 197 1628 Vox
211 1581 316 1643 cauet3
338 1580 369 1628 et
383 1567 475 1646 longe
492 1566 586 1627 visent
601 1564 750 1648 Capitolia
765 1585 893 1649 pompae.
1039 1565 1102 1628 500

125 1663 263 1727 Postibus
278 1663 421 1746 Augustis
436 1661 541 1724 eadem
556 1662 693 1725 fidissima
708 1677 806 1725 custos

125 1762 207 1825 Ante
222 1761 298 1825 sores
312 1762 419 1838 stabis;
442 1761 627 1846 mediamque
644 1760 764 1824 tuebere
780 1782 933 1846 quercum.

125 1859 227 1944 thue
242 1883 342 1924 meum
358 1860 478 1923 intonsis
492 1874 582 1942 caput
596 1873 641 1922 est
651 1857 783 1944 juvenile
799 1858 930 1943 capillis;

124 1956 175 2020 Tu
190 1978 307 2043 quoque
323 1972 481 2042 perpetuos
495 1979 613 2042 semper
627 1979 696 2040 gere
711 1955 820 2020 frondis
835 1954 984 2046 honores!
1147 2034 1152 2044 ι

168 2054 299 2119 Finierat
314 2056 415 2118 Paean.
460 2054 560 2119 Factis
575 2056 664 2118 modb
679 2056 778 2118 laurea
792 2055 880 2118 ramis
1038 2053 1102 2117 505

128 2152 255 2219 Annuit:
279 2168 369 2240 utque
384 2168 484 2240 caput,
501 2155 562 2218 visa
576 2169 621 2218 est
636 2153 761 2239 agitaisse
776 2175 932 2218 cacumen.

495 2408 528 2450 10
551 2408 593 2450 ΕΤ
615 2408 729 2450 ARGUS·

550 2593 579 2635 v.
596 2574 670 2636 625.

125 2740 257 2806 Centum
271 2742 429 2806 luminibus
443 2740 573 2804 cinctum
588 2754 678 2823 caput
694 2741 792 2823 Argus
807 2740 946 2806 habebat.

125 2839 198 2903 inde
213 2841 272 2904 suis
288 2840 570 2923 vicibuscapiebant
584 2838 653 2918 bina
667 2839 814 2924 quietem:

125 2937 243 3001 Caetera
256 2938 422 3016 servabant,
437 2952 526 3022 atque
542 2937 571 3000 in
585 2937 709 3000 statione
724 2937 892 3001 manebant.

125 3034 305 3099 Constiterat
321 3050 498 3120 quocunque
513 3035 620 3112 mod0;
642 3034 796 3119 spectabat
811 3035 848 3098 ad
863 3034 918 3099 lb:
1038 3025 1101 3099 510

56 3156 59 3162 ·
128 3134 207 3196 Ante
222 3135 323 3199 oculos
338 3133 383 3211 16,
399 3133 533 3218 quamvis
548 3154 676 3210 aversus
691 3133 828 3196 habebat.
907 3201 912 3209 ,

126 3231 209 3294 Luce
224 3233 291 3295 sinit
307 3232 403 3316 pasci:
426 3234 494 3296 crim
510 3232 551 3295 sol
568 3232 672 3294 tellure
687 3231 741 3294 sub
757 3231 816 3294 alm
830 3244 886 3309 est,

126 3327 257 3408 Claudn,
273 3345 303 3394 et
318 3329 436 3413 indigno
451 3330 613 3394 circumdat
629 3330 743 3394 vincula
758 3331 846 3393 collo.

127 3425 292 3491 Frondibus
308 3429 444 3506 arbuteis,
461 3442 490 3490 et
505 3429 604 3491 amarti
619 3429 747 3512 pascitur
759 3428 870 3491 herbb:

129 3521 245 3608 Proque
261 3539 335 3603 toro,
351 3541 443 3604 terre,
458 3549 517 3589 non
531 3547 650 3609 semper
664 3546 783 3608 gramen
799 3524 932 3602 habenti,
1038 3524 1102 3586 515

127 3620 250 3687 Incubnt
265 3624 384 3703 infelix}
405 3625 566 3710 limosaque
582 3623 704 3688 flumme
717 3632 809 3709 potat.
