2536 4252
522 411 631 463 111111
652 412 710 463 xv.
958 436 961 441 ·
1050 405 1113 468 145

133 563 238 648 Nuper
251 564 397 627 Abanteis
412 563 527 648 templo
540 562 667 626 Junonis
681 563 710 626 in
725 563 825 648 Argis.
1051 566 1113 630 105
1202 635 1209 658 .

132 662 241 726 Omnia
256 677 425 752 mutantur:
448 662 520 725 nihil
536 663 644 725 interit.
689 662 788 742 Errat,
803 677 833 727 et
849 664 928 728 illinc

132 759 201 824 Huc
216 762 308 840 venit,
324 762 393 825 lrinc
408 762 488 839 illuc,
503 774 534 824 et
550 762 696 846 quoslibet
711 776 838 846 occupat
853 777 931 826 artus

131 846 275 942 Spiritus:
299 860 378 945 eque
394 859 461 923 seris
477 861 607 923 humana
621 860 651 923 in
665 882 790 946 corpora
805 862 917 940 transit,

131 957 225 1042 lnque
240 958 315 1021 seras
331 974 446 1022 noster:
470 980 528 1022 neo
542 973 678 1044 tempore
693 960 808 1045 deperit
821 961 894 1024 ullo.

131 1055 233 1141 thue
248 1057 333 1120 novis
347 1057 454 1140 singilis
469 1057 600 1140 signatur
613 1080 683 1122 cem
696 1059 806 1142 liguris,
1050 1060 1112 1121 110

129 1153 158 1218 N
161 1177 196 1219 ec
212 1166 312 1219 manet
326 1170 360 1219 ut
373 1156 479 1234 suerat,
493 1178 551 1219 nec
566 1156 674 1219 sormas
688 1170 786 1219 serrat
801 1157 940 1233 easdem3

130 1253 189 1315 Sed
206 1269 306 1315 tamen
322 1254 385 1336 ipsa
400 1254 506 1316 eadem
521 1269 583 1316 est:
608 1254 736 1316 animam
753 1255 796 1315 sie
809 1260 930 1337 semper
944 1253 1084 1316 eandem·

130 1349 218 1426 Esse,
234 1351 287 1411 sed
303 1351 333 1412 in
349 1351 442 1412 varias
458 1350 552 1413 doceo
568 1352 693 1433 migrare
709 1352 826 1432 figuras.

131 1447 223 1530 Erg0,
238 1469 276 1514 ne
292 1448 387 1532 pietas
401 1448 438 1510 sit
455 1449 533 1511 victa
547 1449 687 1533 cupidine
703 1449 824 1527 ventris,

106 1584 109 1589 -
130 1545 249 1608 Parcite
267 1544 439 1633 (vaticinor)
456 1561 595 1631 cognatas
610 1547 692 1611 caede
707 1545 838 1611 nefandi
1049 1549 1111 1613 115

131 1643 298 1708 Exturbare
313 1646 442 1709 animas:
466 1668 522 1709 nec
537 1645 679 1728 sanguine
693 1646 812 1730 sanguis
827 1646 932 1709 alatur.
1020 1685 1033 1697 .-

172 1744 214 1806 Et
230 1744 368 1828 quoniam
384 1767 491 1828 magno
506 1743 584 1807 seror
598 1767 726 1829 aequore,
742 1746 891 1830 plenaque
906 1745 1002 1809 ventis

129 1842 207 1906 Vela
222 1843 291 1905 dedi
304 1865 312 1921 ;
334 1843 407 1907 nilril
422 1856 467 1906 est
481 1857 544 1907 toto
560 1843 639 1929 quod
655 1858 766 1928 perstet
781 1845 811 1909 iu
826 1845 908 1908 orbe.

128 1940 247 2004 Cuncta
262 1942 368 2020 fluunt,
383 1942 538 2028 omnisque
554 1965 666 2027 vagans
680 1942 822 2007 sonnatur
835 1944 944 2028 imago.

128 2040 197 2123 lpsa
212 2063 331 2126 quoque
347 2041 470 2104 adsiduo
484 2043 622 2105 labuntur
637 2056 772 2126 tempora
790 2057 873 2105 motu
988 2084 995 2095 ·
1013 2087 1015 2090 <
1048 2047 1109 2108 120

128 2139 196 2202 Non
212 2141 297 2202 sectis
313 2161 348 2203 ac
364 2140 487 2202 flumen.
532 2139 642 2224 Neque
657 2140 736 2202 enirn
748 2141 908 2202 consistere
923 2141 1046 2221 flumen,

128 2236 195 2300 Nee
209 2239 283 2302 levis
298 2239 370 2301 hora
384 2251 499 2321 potest:
521 2237 586 2315 sed,
601 2251 634 2300 ut
648 2237 727 2300 unda
741 2237 902 2321 impellitur
915 2237 1007 2317 undi,

127 2336 317 2422 Urgeturque
333 2339 411 2421 prior
427 2336 567 2413 venienti,
582 2349 727 2420 urgetque
743 2335 883 2420 priorem,

127 2435 281 2518 Tempora
294 2435 336 2498 sic
351 2434 465 2516 fugiunt
480 2434 599 2518 pariter,
615 2433 782 2517 pariterque
796 2447 978 2517 sequuntur:

128 2532 169 2594 Et
182 2555 258 2594 nova
267 2546 335 2594 sunt
344 2552 479 2616 semper:
496 2552 564 2593 nam
579 2530 659 2615 quod
669 2529 724 2592 fuit
736 2529 816 2608 ante,
827 2531 962 2594 relictum
973 2544 1035 2595 est:
1049 2533 1110 2596 125

128 2629 249 2713 Fitque,
266 2629 345 2714 quod
359 2629 439 2691 haud
454 2628 565 2692 suerat:
588 2641 799 2713 momentaque
813 2642 922 2692 cuncta
936 2643 1093 2694 novantur.

128 2727 235 2791 Cernis
251 2741 281 2790 et
296 2748 425 2791 emersas
439 2750 468 2790 m
484 2727 581 2790 locem
597 2726 720 2790 tendere
735 2740 848 2805 noctes,

127 2826 169 2889 Et
180 2826 268 2912 jubar
282 2827 339 2889 lroc
354 2825 477 2888 nitidum
492 2825 580 2908 nigre
596 2824 757 2888 succedere
772 2824 863 2888 nocti.

127 2924 156 2987 N
159 2947 194 2987 ec
210 2925 291 2987 color
304 2938 349 2988 est
364 2923 444 2987 idem
458 2923 549 3002 ooelo,
563 2923 633 2987 crim
648 2924 725 2986 lassa
739 2922 839 3008 quiete

92 3088 95 3092 ,
128 3022 247 3085 Cuncta
258 3022 359 3107 jacent
373 3021 492 3100 medii3
514 3021 643 3106 cumque
659 3021 726 3085 albo
740 3020 863 3085 Lucifer
876 3021 939 3086 exit
1048 3026 1109 3090 130

128 3120 235 3183 Clarus
251 3143 345 3205 equo:
369 3142 544 3206 rursumque
560 3120 644 3198 aliuS,
659 3121 727 3183 otim
744 3120 852 3204 previa
866 3120 936 3184 luci'

115 3218 321 3281 ·Tr·adendum
337 3218 457 3282 Plroebo
471 3217 633 3282 Pallantias
648 3218 738 3281 inlicit
753 3219 866 3282 orbem.

128 3315 197 3399 lpse
214 3317 261 3378 dei
276 3316 412 3399 clypeuS,
427 3315 506 3379 terrei
519 3315 587 3378 crim
604 3315 714 3378 tollitur
728 3315 798 3394 ima,

129 3413 221 3476 illane
237 3414 339 3477 rubet:
363 3414 511 3500 tetrique,
526 3414 622 3491 rubet,
637 3413 707 3477 crim
721 3414 857 3477 conditur
871 3411 948 3476 tmt:

129 3511 283 3574 Candidus
298 3512 326 3574 in
342 3534 458 3576 summo
473 3526 529 3590 est,
544 3512 648 3576 melior
662 3527 766 3576 natura
781 3511 860 3596 qutid
876 3509 936 3575 illic
1024 3528 1029 3533 ’
1047 3513 1117 3578 135

130 3611 261 3674 AEtlreris
276 3623 331 3689 est,
345 3624 489 3694 terraeque
504 3611 607 3697 procul
622 3611 758 3694 contagia
773 3610 856 3675 vitat.

432 3711 501 3774 13-
