2536 4252
561 301 564 311 '
591 315 697 365 arnna
718 315 767 365 111.

190 465 290 529 Causa
305 465 477 543 luitharius,
492 465 647 548 alienaque
662 485 772 527 cornua
786 462 874 528 fronti

188 564 311 641 Addita,
326 572 438 648 vosque
453 585 543 627 canes
557 560 666 627 satiate
676 553 830 646 ‚sanguine
837 560 933 624 herili.

188 663 232 726 At
246 663 324 725 bene
339 663 364 725 si
379 682 509 746 quae1·as;
532 660 671 724 Fortuna
685 661 798 724 crimen
812 660 841 723 in
856 659 917 738 ille,

80 778 84 785 ’
188 759 258 824 Non
273 761 370 823 scelus
384 760 527 823 invenies.
573 758 666 832 Quod
681 759 761 822 enim
774 759 872 822 scelus
887 779 967 823 error
979 757 1132 823 habebat?

231 857 409 942 Datsparso
423 858 513 941 capiti
529 857 639 920 vivacis
652 878 763 921 cornua
776 857 874 920 cervi:
972 865 978 874 “
1103 860 1164 922 120

188 955 251 1018 Dat
265 956 392 1040 spatium
406 956 501 1018 collo:
523 976 712 1039 summasque
726 955 893 1019 cacuminat
899 971 1008 1020 'auresz

188 1053 270 1117 Cum
286 1053 470 1138 pedibusque
484 1074 599 1130 manus,
615 1075 684 1116 cum
698 1053 791 1135 longis
805 1052 926 1116 brachia
942 1065 1038 1117 mutat

189 1151 349 1214 cruribus:
373 1165 403 1214 et
418 1151 497 1214 velat
511 1151 662 1214 maculoso
675 1148 786 1214 vellere
800 1173 918 1235 corpus.

189 1250 317 1311 Additus
332 1263 362 1311 et
378 1270 470 1332 pavor
484 1262 539 1311 est.
584 1247 677 1330 Fugit
691 1249 860 1311 Autonei'us
875 1250 979 1311 heros:

189 1346 231 1409 Et
245 1368 277 1409 se
293 1361 354 1408 tam
368 1347 497 1408 celerem
511 1368 598 1409 cursu
614 1346 776 1407 miratorio
793 1346 867 1428 ipso.
932 1409 934 1413 ,
1105 1347 1165 1408 125

189 1444 233 1508 Ut
249 1446 319 1506 verb
334 1445 423 1506 solitis
438 1465 492 1505 sua
505 1464 615 1506 cornua
630 1442 702 1506 vidit
717 1443 746 1505 in
761 1443 858 1520 undis,

190 1541 263 1604 ‘Me
279 1541 418 1627 miserum
428 1541 446 1604 l'
470 1540 599 1603 dicturus
613 1555 693 1604 erat:
716 1562 776 1603 vox
790 1541 872 1603 nulla
885 1555 987 1603 secute
1001 1553 1057 1604 est.

189 1638 356 1722 Ingemuit3
379 1661 439 1723 uox
454 1639 503 1702 illa
517 1638 587 1702 suit:
611 1640 807 1724 lacrymaeque
822 1661 942 1723 perora

143 1772 147 1792 ι
191 1737 218 1801 N
221 1760 260 1800 on
274 1759 327 1800 sua
341 1738 503 1801 fluxerunt.
548 1735 638 1799 Mens
653 1727 766 1800 tanthrh
782 1737 901 1820 pristina
915 1737 1031 1800 mansit.

175 1859 179 1869 ¹
232 1835 316 1910 Quid
332 1834 436 1899 faciat?
458 1848 611 1920 repetatne
626 1835 759 1912 domum,
771 1834 879 1917 regalia
893 1836 992 1898 tecta?
1104 1836 1165 1898 130

145 1962 153 2021 s
189 1936 239 1997 An
254 1934 344 1997 lateat
358 1933 459 1996 silvis?
481 1935 568 1995 timor
582 1932 651 2009 hoc,
667 1933 762 2015 pudor
776 1932 899 2016 impedit
914 1933 996 1996 illud.

189 2032 273 2096 Dum
288 2033 410 2109 dubitat,
426 2031 526 2094 videre
541 2052 647 2094 canes:
671 2030 841 2114 primusque
855 2028 1037 2114 Melampus,

189 2129 424 2214 Ichnobatesque
439 2150 531 2211 sagax
545 2129 650 2190 latratu
665 2128 748 2210 signa
762 2128 883 2190 dedere.

189 2229 263 2292 lnde
278 2242 366 2292 ruunt
380 2228 427 2290 alii
442 2225 545 2311 rapidi
560 2226 690 2288 velocihs
705 2226 786 2302 aura,

190 2326 336 2410 Quosque
347 2325 455 2388 referre
469 2347 552 2387 mora
567 2338 622 2386 est.
667 2322 714 2384 Ea
729 2323 811 2384 turba
827 2322 966 2405 cupidine
983 2323 1087 2406 praedae

189 2425 250 2487 Per
265 2446 364 2506 rupes,
379 2423 586 2506 scopulosque,
602 2422 743 2503 adituque
757 2421 887 2482 carentia
901 2441 984 2496 saxa,
1105 2422 1166 2484 136

190 2520 264 2595 Qua
279 2522 326 2582 via
341 2519 476 2595 difficilis,
491 2519 609 2600 quaque
624 2530 669 2578 est
684 2516 732 2578 via
746 2516 836 2593 nulla,
851 2515 1002 2579 seruntur.'

190 2617 244 2681 Ille
259 2617 343 2700 sugit,
358 2637 412 2700 per
423 2637 489 2700 qua>
504 2614 598 2703 luerat
613 2614 679 2676 loca
691 2634 771 2696 sape
786 2628 916 2677 secutus.

190 2715 261 2778 Heu
276 2715 401 2779 famulos
415 2713 488 2796 fugit
503 2713 567 2796 ipse
582 2712 671 2775 suos!
693 2711 822 2775 clamare
838 2712 958 2791 libebat,

190 2815 335 2877 ‘Actaeon
350 2835 406 2896 ego
419 2833 503 2875 sum:
526 2809 679 2874 dominum
693 2810 862 2892 cognoscite
877 2809 1029 2874 vestmm!
1105 2813 1166 2876 140

190 2912 291 2975 Verba
306 2912 404 2974 animo
418 2910 542 2974 desunt:
566 2922 683 2972 resonat
694 2909 849 2972 latratibus
864 2909 964 2973 aether.

189 3009 291 3074 Prima
305 3009 518 3073 Melanchaetes
533 3007 564 3070 in
578 3021 662 3090 tergo
677 3008 800 3070 vulnera
813 3007 883 3071 secit
894 3029 914 3086 :¹

188 3109 331 3172 Proxima
344 3107 559 3184 Theridamas3
581 3105 791 3190 Oresitrophos
806 3106 889 3170 haesit
903 3104 934 3170 in
947 3127 1040 3170 amro.

188 3207 315 3269 Tardihs
331 3207 473 3283 exierant,
488 3205 541 3268 sed
557 3225 611 3288 per
623 3204 800 3288 compendia
814 3205 921 3268 montis
948 3197 950 3201 Α

189 3305 360 3388 Anticipata
372 3304 418 3366 via
433 3316 488 3366 est.
533 3301 698 3365 Dominum
713 3303 905 3366 retinentibus
918 3302 974 3366 illis
1089 3303 1166 3378 ‚145

190 3402 307 3466 Caetera
321 3403 405 3464 tmba
418 3402 489 3479 coit,
502 3399 676 3487 confertque
690 3402 720 3466 in
733 3423 857 3486 corpore
879 3402 993 3464 dentes.

189 3499 258 3564 Jam
272 3501 339 3565 loca
353 3499 519 3564 vulneribus
535 3499 653 3564 desunt.
697 3499 802 3565 Gemit
815 3500 876 3581 ille,
890 3519 1067 3585 sonumque,
