2536 4252
552 397 714 449 maran.
834 389 836 397 '
926 392 1003 445 .·
1076 389 1122 463 23

143 552 328 639 Seculaque,
343 568 374 616 et
388 553 490 637 posite
505 551 606 637 spatiis
622 549 781 636 aequalibus
796 546 907 621 Horae:

124 712 128 719 .
144 650 266 736 Verque
281 673 392 714 novum
407 653 513 728 stabat,
528 650 658 712 cinctum
674 647 798 711 florente
813 645 941 710 corona:

143 750 247 813 Stabat
261 751 341 813 nuda
356 749 468 828 AEstaS,
484 764 514 812 et
529 749 629 832 spicea
644 761 721 816 serta
735 747 867 829 gerebat.

143 848 247 912 Stabat
263 863 292 912 et
307 848 489 926 Autumnus,
504 847 623 911 caleatis
638 846 771 909 sordidus
790 845 867 922 uris,

143 945 185 1010 Et
199 948 328 1029 glacialis
343 945 461 1025 Hrerns,
476 968 567 1010 canos
581 946 692 1009 hirsuta
705 945 839 1028 capillos.

185 1044 259 1107 lnde
274 1045 341 1109 loco
356 1045 593 1122 medius,rerurn
608 1043 739 1107 novitate
754 1056 915 1127 paventem

143 1142 196 1206 Sol
210 1144 304 1207 oculis
314 1143 470 1230 juvenem,
486 1144 590 1228 quibus
605 1142 730 1226 adspicit
744 1141 858 1219 omnia,
866 1141 950 1206 vidit.

143 1241 300 1327 ‘Quaeque
316 1243 369 1306 vie
385 1243 436 1307 tibi
450 1244 560 1305 causa?
606 1239 690 1315 Quid
705 1239 784 1317 hdo‚'
800 1239 850 1318 ait,
867 1246 952 1301 ‘aree
968 1237 1080 1322 petisti,

142 1339 317 1422 Progenies,
332 1341 504 1416 Phaethon,
519 1339 599 1401 haud
613 1336 768 1404 inficianda
783 1335 896 1420 parenti
906 1335 928 1403 l'

144 1436 198 1499 llle
213 1437 318 1500 refert:
344 1437 391 1498 ‘O
407 1439 459 1499 lux
475 1435 609 1500 immensi
624 1435 743 1519 publica
757 1434 871 1512 mundi,
1080 1436 1124 1503 35

143 1534 262 1598 Phoebe
279 1548 373 1618 pater,
388 1535 413 1598 si
429 1535 480 1599 das
495 1533 582 1619 hujus
597 1533 669 1596 mihi
684 1532 809 1596 nominis
824 1553 922 1610 usum,

143 1632 273 1716 Pignora
288 1634 336 1711 da,
351 1634 466 1718 genitor
474 1655 483 1711 ;
506 1654 638 1718 perque
653 1646 705 1696 tua
720 1653 790 1702 vera
803 1653 937 1716 propago

142 1730 269 1810 Credar,
285 1745 315 1796 et
329 1733 408 1795 bunc
424 1731 527 1798 animis
542 1752 670 1794 errorem
684 1730 806 1794 detrahe
823 1729 950 1795 emtus?

143 1829 281 1911 Dixerat.
326 1831 371 1894 At
385 1830 500 1914 genitor
512 1829 625 1893 circum
639 1842 730 1913 caput
743 1849 832 1893 omne
850 1828 994 1901 micantes

144 1927 294 2013 Deposuit
307 1931 422 2017 radios3
444 1929 624 2015 propiusque
639 1928 781 1993 accedere
792 1926 897 2014 jussitt
1079 1929 1123 1997 40

145 2028 358 2116 Amplexuque
373 2030 454 2107 dato,
469 2027 556 2092 ‘Neo
569 2043 602 2092 tu
617 2049 702 2091 meus
717 2048 782 2091 esse
797 2028 897 2110 negari

146 2123 261 2208 Dignus
276 2149 326 2204 es;
350 2141 380 2190 et
395 2127 546 2212 Clymene
562 2126 668 2203 veros,’
684 2127 734 2203 ait,
751 2125 862 2189 ‘edidit
876 2139 968 2189 ortus.

143 2223 277 2309 Qudque
293 2225 389 2289 minus
405 2226 539 2302 dubites;
562 2224 686 2309 quodvis
701 2213 771 2308 pete
785 2244 910 2289 munus:
934 2237 967 2287 ut
982 2222 1065 2302 illud,

143 2320 198 2382 Me
213 2324 370 2400 tribuente,
386 2323 472 2388 seras.
517 2323 673 2386 Promissis
688 2322 770 2386 testis
785 2322 888 2386 adesto

143 2419 201 2482 Dis
217 2420 343 2505 juranda
358 2423 453 2505 palus,
468 2423 561 2485 oeulis
575 2421 724 2502 incognita
736 2420 864 2482 nostris.¹
1080 2422 1122 2487 45

145 2516 207 2580 Vix
222 2520 299 2581 bene
315 2519 457 2582 desierat:
481 2525 582 2581 burrus
597 2530 680 2599 rogat
694 2518 743 2580 ille
760 2531 907 2600 paternos,

144 2613 239 2698 Inque
256 2616 335 2678 diern
351 2616 500 2700 alipedum
511 2614 561 2701 jus
576 2629 606 2678 et
621 2614 810 2679 moderamen
827 2636 982 2700 equorum.

143 2712 288 2776 Poenituit
299 2713 413 2799 jurasse
429 2728 553 2799 patrem.
599 2711 663 2788 Qui
678 2726 781 2798 terque
796 2729 959 2799 quaterque

143 2809 453 2875 Concutiens'illustre
467 2825 568 2896 caput,
584 2810 797 2890 ‘Temeraria,’
814 2812 900 2891 dixit,

143 2916 152 2946 ‘
166 2907 238 2972 Vox
253 2931 321 2972 mea
335 2909 413 2973 facta
427 2909 480 2974 tub
494 2925 550 2975 est.
595 2909 719 2974 Utinam
734 2909 877 2995 promissa
891 2910 995 2976 lioaret
1079 2915 1122 2985 50

143 3006 212 3070 Non
229 3007 315 3070 dare!
340 3007 494 3072 Confiteor
507 3009 603 3071 solum
618 3008 675 3072 hoc
690 3008 751 3085 tibi,
768 3022 847 3088 uate,
861 3030 1014 3093 negarem.

142 3105 323 3169 Dissuadere
337 3107 417 3170 licet.
462 3105 531 3170 Non
548 3121 593 3170 est
607 3120 659 3170 tua
673 3118 737 3174 tuta
751 3107 897 3173 voluntas.
1050 3090 1062 3115 ⁸

142 3201 256 3284 Magna
271 3205 358 3288 petiS,
374 3204 545 3283 Phaethon,
560 3219 590 3269 et
605 3227 670 3290 quae
685 3226 741 3268 nec
756 3206 865 3268 viribus
879 3206 942 3271 istis

143 3298 271 3363 Munera
284 3304 474 3380 conveniant,
489 3325 545 3366 nee
560 3317 621 3369 tam
637 3303 797 3388 puerilibus
812 3304 907 3368 annis.

143 3397 212 3460 Sors
228 3413 277 3462 tua
300 3402 446 3463 mortalis:
470 3423 529 3464 non
545 3415 591 3465 est
606 3402 728 3465 mortale
744 3402 824 3489 quod
838 3415 935 3486 optus.
1080 3407 1122 3468 55

143 3495 215 3558 Plus
231 3498 330 3575 etiarn,
347 3500 437 3584 quarn
452 3500 532 3584 quod
546 3501 660 3584 superis
674 3500 845 3583 contingere
860 3499 903 3564 sas
917 3501 966 3580 sit,

144 3593 269 3660 Nescius
285 3597 418 3661 affectas.
462 3597 587 3667 Placeat
600 3599 654 3666 sibi
671 3599 794 3685 quisque
808 3599 927 3682 licebit5
