2536 4252
32 432 37 441 ·
71 372 87 409 ⁵
143 400 187 462 ta
453 405 803 458 uarnmonrrrosnou

144 554 286 643 Quidque
302 555 380 620 furor
395 557 502 634 valeat,
517 556 656 621 Pentheia
670 556 751 620 caede
765 556 895 643 satisque

108 730 118 750 .
146 655 192 719 Ac
206 656 296 740 super
309 654 446 717 ostendit.
491 654 556 718 Cur
570 677 628 717 non
644 655 818 733 stimuletur,
833 670 942 742 eatque

143 752 204 816 Per
217 767 342 836 cognata
356 753 414 815 suis
430 752 569 836 exempla
584 753 726 815 furoribus
740 753 795 815 Ino
805 753 828 818 ?'

186 852 242 914 Est
257 852 304 914 via
319 851 450 928 declivis,
465 850 582 914 sunestd
595 851 695 914 nubila
708 865 797 915 taxo:

143 948 237 1013 Ducit
252 950 289 1013 ad
303 947 428 1012 infernas
444 970 498 1032 per
512 963 594 1011 muta
608 949 722 1011 silentia
737 950 835 1012 sedes.

143 1047 222 1131 Styx
236 1047 358 1110 nebulas
373 1048 493 1117 exhalat
506 1046 600 1109 iners:
622 1047 791 1132 umbraeque
806 1061 940 1111 recentes

143 1144 338 1209 Descendunt
352 1145 429 1222 illac,
443 1143 656 1229 simulacraque
671 1144 771 1208 suncta
784 1145 936 1229 sepulcris.
1058 1149 1125 1210 115

143 1242 243 1307 Pallor
258 1242 422 1328 Hiemsque
436 1256 538 1306 tenent
549 1239 611 1305 late
626 1243 692 1306 loca
705 1257 806 1307 senta:
828 1244 969 1329 novique,

143 1339 216 1415 Qua
229 1343 267 1405 sit
281 1342 346 1419 iter,
360 1363 472 1420 manes,
489 1341 621 1424 Stygiam
638 1342 717 1425 quod
733 1342 813 1405 ducit
828 1343 865 1406 ad
879 1343 993 1421 urbem,

142 1439 297 1522 Ignorant:
320 1440 370 1503 ubi
385 1441 422 1502 sit
435 1438 509 1522 nigri
524 1438 585 1502 sera
599 1440 681 1522 regia
694 1440 785 1504 Ditis.

142 1537 228 1600 Mille
242 1560 340 1622 capax
355 1538 460 1614 aditur,
476 1551 506 1600 et
520 1551 635 1624 apertas
649 1538 779 1622 undique
796 1553 893 1623 portas

143 1634 222 1698 Urbs
238 1635 337 1697 habet.
381 1634 485 1718 thue
499 1634 606 1698 fretum
621 1636 658 1699 de
675 1635 738 1698 toti
752 1636 873 1721 flumina
887 1635 976 1715 terri,
1021 1699 1032 1719 ,
1058 1639 1124 1701 120

144 1733 193 1796 Sic
208 1756 310 1797 omnes
325 1733 436 1796 animas
450 1733 531 1797 locus
546 1733 652 1818 accipit
666 1734 733 1812 ille;
755 1755 811 1797 nec
825 1735 877 1798 ulli
942 1760 947 1766 ·

143 1829 280 1914 Exiguus
294 1832 406 1916 populo
421 1846 476 1908 est,
491 1833 644 1895 turbamve
659 1833 802 1895 accedere
816 1833 916 1896 sentit.

144 1929 251 1992 Errant
266 1951 431 2012 exsangues
446 1929 508 1993 sine
523 1952 645 2014 corpore
661 1943 692 1992 et
705 1931 818 1993 ossibus
832 1932 960 1994 umbra:
1045 1921 1053 1933 ”

43 2091 50 2104 ‚
143 2027 276 2112 Parsque
291 2026 386 2093 sorum
401 2028 560 2106 celebrant,
575 2050 642 2113 pars
658 2028 707 2091 imi
723 2042 802 2092 tecta
816 2028 950 2113 tyranni3

143 2127 217 2190 Pars
232 2127 302 2190 alias
317 2142 403 2205 artes,
418 2127 543 2212 antiqua
557 2127 718 2191 imitamina
733 2127 809 2205 vite,

143 2224 296 2288 Exercent
305 2248 313 2303 ;
336 2226 422 2289 aliam
437 2239 551 2309 partem
566 2248 619 2289 sua
634 2247 723 2310 poena
732 2238 860 2289 coercet.

186 2323 318 2386 Sustinet
332 2324 373 2386 ire
387 2324 467 2401 illuc,
481 2324 590 2386 caelesti
604 2325 675 2386 sede
690 2324 803 2400 relictai,

145 2418 291 2507 (Tantum
308 2422 380 2485 odiis
395 2421 502 2507 iraeque
517 2420 619 2508 dabat)
637 2421 772 2484 Saturnia
785 2420 877 2483 duno.

142 2517 216 2593 Qud
230 2520 316 2583 simul
331 2520 457 2597 intrarit,
472 2542 614 2604 sacroque
628 2542 646 2582 a
660 2541 783 2603 corpore
799 2538 933 2603 pressum

142 2617 290 2701 Ingemuit
303 2619 411 2695 limen;
433 2619 488 2681 tria
502 2617 652 2681 Cerberus
666 2617 773 2680 extulit
788 2639 849 2695 ore,

143 2714 185 2777 Et
200 2702 391 2777 tres'latratus
405 2715 491 2777 simul
507 2716 607 2777 edidit.
652 2715 707 2778 llla
721 2736 834 2778 sorores

143 2811 241 2875 Nocte
258 2826 343 2875 vocat
357 2812 481 2896 genitus,
497 2833 586 2895 grave
601 2826 632 2875 et
647 2813 832 2897 implacabile
847 2833 969 2875 numen.

145 2908 297 2997 (Carceris
312 2925 380 2974 ante
395 2910 471 2974 fores
485 2911 598 2974 clausas
614 2911 769 2974 adamante
784 2910 945 2984 sedebant:
1044 2916 1077 2939 '··
1169 2920 1175 2927 '

121 3057 136 3072 κ
146 3007 252 3091 Deque
267 3008 326 3070 suis
340 3020 417 3071 atros
432 3008 590 3091 pectebant
604 3009 731 3071 crinibus
746 3005 884 3093 angues.)

143 3104 246 3180 Quam
260 3106 346 3173 simul
361 3107 506 3189 agndrunt
520 3108 596 3171 inter
608 3108 739 3189 caliginis
754 3107 890 3184 umbras;

142 3204 305 3267 Surrexdre
321 3205 393 3267 deae.
439 3205 533 3269 Sedes
548 3207 690 3269 scelerata
705 3218 835 3268 vocatur.

143 3301 266 3366 Viscera
281 3304 428 3388 prebebat
443 3304 549 3388 Tityos
564 3304 714 3380 lanianda3
737 3323 905 3387 novemque

142 3400 298 3483 Jugeribus
314 3402 457 3464 distentus
472 3416 544 3465 erat.
589 3403 669 3480 Tibi,
686 3402 824 3479 Tantale,
839 3400 927 3464 nullae

143 3497 375 3582 Deprenduntur
390 3521 491 3585 aquae3
514 3523 636 3585 quaeque
652 3501 796 3577 imminet,
812 3499 915 3582 effugit
930 3497 1040 3588 arbos.

145 3596 206 3659 Aut
221 3599 306 3682 petis,
322 3613 372 3662 aut
386 3620 473 3683 urges
488 3599 642 3677 ruiturum,
658 3599 797 3682 Sisyphe,
809 3619 926 3661 saxum.
1058 3594 1122 3659 140
1191 3590 1198 3606 ’
