2536 4252
457 450 462 455 -
508 427 594 492 uox,
616 428 760 478 nauem.

75 613 79 618 ·
145 577 259 642 Arnon
274 577 323 648 ille
339 577 411 640 deus
426 600 531 662 pacem
547 564 620 640 intra
636 578 744 641 moeuia
759 577 838 642 finit-r

185 675 342 738 Auxilium
356 690 419 738 toto
433 677 542 759 spargit
556 663 585 738 iri
600 676 670 738 orbe
685 697 782 738 suum.

143 772 226 846 Quid
243 766 341 836 temeri
358 775 415 836 h'oc
430 774 560 857 prodest,
575 773 674 836 medie
687 774 711 835 si
725 773 791 836 luce
806 772 965 857 palamque

186 869 345 949 Verberor‚
361 885 390 933 et
405 886 473 934 tutae
488 871 630 934 nonlicet
645 892 710 933 esse
725 871 821 948 mihi?
878 872 885 889 ‘

144 968 224 1051 Ergo
239 991 295 1032 neo
310 963 394 1031 iridos
404 968 484 1032 ,soliis
498 969 617 1046 haerere,
631 990 688 1032 nec
702 969 791 1031 ullam

96 1103 99 1108 ·
131 1134 136 1146 x
186 1068 312 1132 Sedibus
328 1067 356 1129 in
371 1066 475 1129 nostris
489 1081 566 1130 stare
581 1063 685 1129 videtis
699 1060 797 1129 aveni.

146 1165 187 1227 At
202 1165 286 1248 lepis,
302 1165 331 1227 in
346 1187 427 1227 ramo
441 1165 516 1228 sedit
532 1165 700 1249 quicunque
714 1163 836 1242 bifurco,

187 1261 300 1340 Haeret,
315 1276 345 1325 et
360 1276 392 1325 ut
407 1262 496 1346 capte
510 1263 603 1325 victor
617 1263 645 1324 iu
661 1283 728 1324 arce
742 1274 851 1324 manet.

145 1358 262 1424 Caetera
275 1361 353 1444 sape
369 1374 467 1423 tamen
484 1361 607 1444 potuere
623 1359 749 1422 admissa
762 1357 872 1440 negari,

188 1456 229 1519 Et
243 1457 354 1520 crimen
368 1480 429 1520 nox
445 1472 490 1521 est
504 1457 629 1521 inficiata
643 1477 741 1519 suum.
796 1472 800 1476 '

144 1552 254 1617 Nostra
267 1569 348 1618 notat
363 1553 446 1618 fusco
460 1555 564 1638 digitos
578 1554 681 1640 injuria
695 1575 796 1632 succo,

187 1651 306 1716 Cortice
321 1667 470 1716 contactas
485 1653 631 1716 inficiente
645 1673 759 1715 manus.

144 1750 198 1813 Ille
212 1773 297 1813 cruor
310 1771 394 1814 meus
409 1764 471 1814 est:
493 1751 543 1814 illo
557 1751 703 1814 maculata
716 1769 820 1813 cruore

188 1846 256 1911 Nou
271 1848 440 1932 profectura
454 1849 560 1912 dextra
573 1849 689 1911 lavatur
701 1846 789 1931 aqua.

144 1945 174 2009 Ο
189 1969 255 2030 ego,
269 1950 339 2010 crim
354 1948 447 2030 longae
462 1960 606 2011 venerunt
619 1947 704 2011 taedia
720 1947 799 2023 vitae,

186 2045 298 2129 Optavi
315 2047 429 2129 quoties
444 2046 525 2108 aride
538 2045 616 2108 secte
629 2045 722 2108 mori!

144 2143 257 2227 Optavi
272 2143 397 2225 quoties,
412 2155 463 2204 aut
476 2153 558 2204 caco
570 2141 685 2204 turbine
699 2143 784 2218 verti,
872 2183 876 2189 -

188 2240 252 2301 Aut
268 2239 366 2301 valido
377 2239 457 2301 missi
472 2237 599 2301 fulminis
613 2237 681 2320 igne
696 2239 775 2322 peti!

144 2338 247 2421 Atque
261 2337 372 2399 utinam
387 2336 490 2398 subita
504 2349 641 2419 raperent
655 2357 724 2400 mea
736 2357 826 2421 poma
839 2336 989 2421 proselire,

187 2434 246 2497 Vel
262 2432 504 2518 possem'sructus
518 2448 660 2496 excutere
674 2434 742 2518 ipse
752 2455 846 2498 meos.

145 2533 205 2610 Sic,
220 2532 271 2595 ubi
287 2531 418 2594 detracta
432 2544 478 2594 est
492 2552 510 2594 a
524 2544 555 2595 te
569 2531 621 2594 tibi
635 2551 725 2595 causa
739 2530 852 2616 pericli,

187 2628 280 2704 Quod
295 2643 440 2712 superest,
455 2642 563 2706 tutum,
577 2628 702 2693 Pontice
717 2643 823 2707 castor,
838 2630 942 2694 habes.
971 2666 975 2672 ·

145 2726 229 2802 Quid
242 2727 316 2790 mihi
330 2741 401 2790 tunc
415 2727 504 2790 animi
519 2740 574 2804 est,
588 2726 658 2790 crim
671 2727 761 2790 sumit
775 2728 834 2792 tela
848 2727 959 2807 vincon

187 2826 289 2909 Atque
305 2825 397 2888 oculis
413 2825 504 2909 plage
519 2824 646 2889 destinat
660 2826 729 2890 ente
743 2826 864 2890 locumi

145 2923 213 2987 Nee
228 2925 320 2987 vitare
330 2924 404 2986 -licet
419 2937 500 2987 moto
514 2922 576 2987 fera
589 2924 713 2987 verbera
726 2938 841 3001 trunco,

187 3021 290 3096 Quem
306 3022 360 3085 sub
375 3023 468 3086 humo
480 3021 565 3085 radix
579 3022 734 3107 vinclaque
749 3023 831 3086 firma
845 3035 948 3088 teneor

146 3121 282 3207 Corpora
296 3124 460 3207 prebemus
475 3124 585 3211 plagis:
606 3136 641 3187 ut
654 3145 734 3208 eaepe
747 3124 870 3207 sagittis,

189 3220 270 3285 Cimr
284 3222 413 3305 populus
426 3221 555 3284 manicas
570 3221 741 3305 deposuisse
756 3236 855 3286 vetat:

146 3317 227 3382 Utve
242 3340 362 3401 gravem
377 3306 507 3380 eandem
520 3318 571 3380 ubi
585 3309 647 3382 tolIi
661 3340 753 3382 vacca
769 3319 908 3400 securim,

188 3417 253 3479 Aut
267 3416 367 3499 stringi
381 3415 535 3505 cultrqsin
549 3437 602 3478 sua
615 3417 692 3480 eolla
706 3415 799 3481 videt.
860 3457 867 3471 ·

146 3515 233 3599 Saepe
250 3536 331 3578 meas
346 3529 436 3579 vento
451 3514 568 3577 frondes
581 3515 736 3579 tremuisse
750 3515 892 3600 putastis:

189 3613 251 3677 Sed
265 3626 362 3677 metus
377 3613 407 3676 in
420 3613 505 3676 nobis
518 3633 609 3676 eausa
621 3613 755 3677 tremoris
769 3626 843 3676 erat.
