2536 4252
575 354 586 381 r

145 420 188 482 50
461 412 811 476 Murnuourrrosnon

144 577 279 663 Parsque
290 576 396 662 jacens
409 577 549 654 humoris,
564 599 631 661 pars
645 577 756 640 circum
772 590 906 661 tempore
919 577 1017 662 lapsu.

145 676 236 739 sibila
250 675 331 753 dant,
347 676 518 759 saniemque
535 688 668 752 vomunt,
683 675 857 758 linguasque
871 687 1037 739 coruscant.

145 773 219 836 Inde
235 774 309 835 duos
323 773 427 836 mediis
442 773 589 856 abrumpit
602 774 729 836 crinibus
744 794 856 856 angues
865 793 874 850 ;
1065 777 1129 839 175

145 870 350 955 pestiferaque
365 893 454 933 manu
469 886 568 954 raptos
583 870 714 933 immisit.
759 871 803 933 At
818 870 859 934 illi

144 966 293 1053 Inousque
308 969 388 1031 sinus
403 970 679 1054 Athamanteosque
690 983 859 1053 pererrant;

144 1065 350 1151 Inspirantque
364 1070 469 1150 graues
484 1068 612 1130 animas:
636 1088 691 1130 nec
705 1067 830 1130 vulnera
844 1067 984 1131 membris

144 1164 217 1228 Ulla
231 1163 347 1229 ferunt:
370 1187 455 1229 mens
469 1179 524 1242 est,
541 1187 605 1250 quae
622 1166 699 1229 diros
713 1166 819 1229 sentiat
834 1166 920 1229 ictus.

144 1264 294 1328 Attulerat
309 1286 412 1328 secum
426 1264 529 1348 liquidi
545 1285 663 1349 quoque
678 1278 807 1327 monstra
822 1265 943 1344 veneni,
1066 1266 1131 1330 teo

143 1361 213 1425 Oris
228 1363 373 1427 Cerberei
388 1384 519 1447 spumae,
534 1377 563 1426 et
579 1363 658 1425 vitus
674 1361 836 1439 Echidnae3

144 1459 326 1546 Erroresquo
343 1484 444 1544 vagos,
458 1483 603 1546 caecaeque
619 1461 728 1524 oblivia
747 1462 866 1539 mentis,

144 1559 186 1622 Et
200 1559 308 1638 scelus,
323 1573 354 1622 et
368 1561 524 1642 lacrymas,
539 1560 721 1643 rabiemque,
737 1573 768 1622 et
782 1559 871 1623 cedis
885 1581 1035 1639 amorem3

144 1659 255 1723 Omnia
269 1662 337 1724 trita
351 1661 453 1723 simul:
478 1681 554 1743 quae,
569 1660 711 1743 sanguine
726 1661 812 1724 mista
826 1662 949 1740 recenti,
1029 1697 1038 1715 ·

144 1757 278 1823 Coxerat
293 1781 348 1823 aere
363 1781 448 1836 cavo,
465 1759 547 1822 viridi
559 1774 673 1822 versata
688 1760 797 1822 cicutis.
1066 1761 1131 1826 185

144 1856 287 1942 Dumque
303 1871 414 1941 pavent
428 1858 487 1934 illi3
510 1858 598 1920 vertit
612 1857 714 1920 furiale
730 1878 880 1920 venenum

143 1952 255 2018 Pectus
271 1955 299 2018 in
315 1956 479 2033 ambomm,
495 1956 713 2041 praecordiaque
730 1956 832 2018 intime
846 1956 949 2019 movit.

50 2101 56 2111 .
144 2053 304 2116 Tumsace
315 2051 427 2139 jactati
441 2075 497 2137 per
511 2054 640 2117 eundem
655 2054 761 2137 sepius
776 2055 890 2131 orbem,

145 2151 347 2237 Consequitur
360 2165 457 2215 motos
473 2153 616 2216 velociter
630 2153 745 2234 ignibus
760 2153 855 2234 ignes.

94 2253 97 2260 '
145 2250 196 2313 Sic
212 2251 327 2328 victrix,
339 2250 471 2337 jussique
488 2265 605 2336 potens,
620 2252 658 2313 ad
673 2252 770 2314 inania
784 2251 882 2333 magni
916 2288 918 2294 ι
1066 2252 1131 2315 190

144 2348 253 2432 Regna
268 2350 343 2412 redit
359 2349 454 2413 Ditis:
479 2369 689 2435 sumptumque
705 2350 863 2432 recingitur
877 2370 1015 2431 anguem.

187 2446 325 2511 Protinus
340 2449 475 2512 AEolides
490 2449 590 2511 media
604 2447 775 2512 furibundus
791 2449 819 2511 in
835 2447 903 2509 aulb

145 2546 276 2625 Clamat,
291 2544 358 2626 tle,
371 2548 506 2626 comites,
522 2548 567 2610 his
583 2549 656 2610 retia
671 2546 783 2610 tendite
798 2546 896 2608 silvis:

144 2643 205 2707 Hic
220 2644 310 2708 modb
325 2667 395 2707 oum
410 2647 529 2727 gemini
543 2647 605 2709 visa
619 2659 664 2708 est
679 2645 750 2708 mihi
766 2646 849 2729 prole
864 2643 980 2706 leaena.'

143 2741 247 2826 thue
263 2742 341 2818 serae,
357 2743 488 2826 sequitur
503 2743 626 2824 vestigia
639 2743 772 2828 conjugis
786 2764 906 2805 amens:
926 2783 931 2790 ·
1066 2743 1130 2806 195

144 2839 255 2924 Deque
270 2841 336 2903 sinu
351 2840 450 2903 matris
466 2841 622 2920 ridentem,
634 2855 664 2904 et
679 2863 770 2926 parva
786 2840 957 2904 Learchum

144 2937 275 3001 Brachia
289 2939 471 3017 tendentem,
487 2940 573 3024 rapit,
589 2954 618 3004 et
632 2941 677 3002 bis
693 2954 796 3024 terque
813 2960 867 3024 per
881 2959 966 3001 auras

144 3035 232 3100 More
248 3051 323 3099 rotat
337 3037 452 3100 sundae:
476 3039 629 3123 rigidoque
645 3039 765 3101 infantia
779 3060 853 3100 saxo

144 3134 275 3199 Discutit
291 3158 357 3198 ossa
372 3135 466 3199 ferox.
512 3137 593 3201 Tum
609 3137 737 3221 denique
751 3137 867 3200 concita
880 3150 986 3211 mater,

147 3232 225 3320 (Seu
237 3234 323 3297 dolor
337 3236 395 3297 hoc
410 3234 490 3313 lecit,
505 3257 558 3298 seu
568 3237 665 3320 ,sparsi
683 3258 773 3300 causa
788 3234 897 3297 veneni
908 3232 932 3320 ς)
995 3268 997 3279 1
1064 3234 1131 3296 200

148 3332 308 3411 Exululat3
330 3334 483 3418 passisque
499 3334 571 3417 sugit
586 3336 664 3398 male
679 3357 750 3398 sana
764 3334 895 3418 capillis:

144 3429 252 3516 Teque
268 3432 364 3495 serens
380 3455 504 3517 parvum
519 3434 614 3511 nudie,
631 3433 798 3511 Melicerta,
813 3432 941 3509 lacertis,

146 3529 261 3609 ‘Evoe,
276 3531 422 3610 Bacche,'
437 3545 532 3594 sonat.
577 3531 693 3595 Bacchi
707 3532 896 3594 subnomine
910 3529 995 3592 duno

146 3626 242 3697 Risit:
266 3643 307 3711 et,
323 3629 406 3695 ‘Hos
421 3652 491 3694 usus
506 3643 624 3716 prestet
639 3631 711 3708 tibi,'
728 3631 814 3707 dixit,
830 3626 1008 3721 ‘alumnus'
