2536 4252
544 406 736 457 HEROIDES.

489 655 709 722 EPISTOLA
737 653 781 720 X.

482 827 624 869 ARIADNE
648 828 787 869 musco.

148 954 270 1017 lllrrros
286 954 394 1030 inveni,
410 955 499 1037 quarn
514 968 554 1031 te,
570 974 662 1036 genus
676 975 765 1016 omne
780 953 924 1018 serarum:

188 1052 311 1116 Credita
325 1075 383 1114 non
399 1052 460 1128 ulli,
476 1053 564 1135 quarn
579 1052 642 1129 tibi,
658 1051 743 1136 pejirs
758 1075 849 1115 eram.

145 1149 223 1224 Quae
239 1151 321 1233 legis
337 1172 377 1212 ex
392 1151 452 1227 illo,
466 1149 603 1227 Theseu,
618 1150 668 1212 tibi
683 1150 779 1213 littore
794 1151 890 1230 mitte,

188 1247 278 1311 Unde
294 1263 375 1310 tuam
390 1231 452 1309 sirie
467 1269 516 1309 me
532 1248 598 1310 vela
613 1248 706 1311 tulere
722 1263 826 1311 ratem.

145 1345 179 1408 ln
196 1369 255 1430 quo
271 1369 319 1408 me
335 1367 514 1429 somnusque
529 1367 612 1408 meus
628 1346 705 1408 male
721 1343 857 1436 prodidit,
873 1360 904 1410 et
917 1360 961 1425 tu,
1102 1348 1143 1426 5,

187 1444 248 1506 Per
262 1444 372 1507 facinus
387 1443 496 1507 somnis
512 1444 644 1507 insidiate
660 1444 743 1507 meis.

143 1541 279 1626 Tempus
296 1557 370 1619 erat,
387 1541 479 1604 vitrea
494 1565 553 1626 quo
570 1543 695 1625 primum
710 1557 788 1605 terra
802 1543 908 1626 pruind

186 1640 349 1723 Spargitur,
365 1654 395 1701 et
409 1654 495 1702 tectae
511 1639 612 1702 fronde
628 1654 790 1724 queruntur
804 1662 885 1704 aves.

143 1737 291 1801 Incertum
307 1738 439 1820 vigilans,
455 1759 472 1800 a
487 1759 591 1800 somno
605 1738 751 1820 languida,
767 1739 845 1802 movi

185 1836 308 1898 Thesea
322 1857 473 1918 pressuras
488 1835 667 1919 semisupina
682 1858 796 1899 manus.
1082 1840 1127 1902 10·

143 1930 250 1994 Nullus
266 1947 344 1995 erat:
368 1933 521 2016 referoque
538 1954 652 2010 manus,
667 1935 833 2020 iterumque
847 1947 975 2013 retente,

185 2030 303 2115 Perque
317 2045 413 2094 torum
429 2052 536 2093 moveo
550 2031 688 2094 brachia:
712 2032 809 2095 nullus
824 2046 896 2096 erat.

103 2111 111 2127 ’
143 2126 311 2191 Excussere
326 2143 423 2191 metus
438 2150 585 2190 somnum.
630 2128 799 2193 Conterrita
812 2151 917 2212 surgo:

184 2224 381 2310 Membraque
396 2241 464 2288 sunt
480 2226 568 2288 viduo
584 2228 763 2310 praecipitata
777 2242 852 2291 toro.

142 2323 281 2387 Protinus
297 2325 428 2386 adductis
444 2338 603 2386 sonuerunt
619 2339 739 2408 pectora
754 2326 876 2409 palmis:
1079 2316 1121 2394 15

184 2421 287 2506 thue
303 2437 365 2484 erat
380 2445 397 2484 a
412 2444 515 2484 somno
531 2421 655 2498 turbida,
670 2436 754 2506 rapta
768 2444 855 2486 corna
869 2436 925 2487 est.

142 2520 228 2582 Luna
243 2519 313 2583 suit:
337 2534 451 2603 specto,
466 2519 489 2582 si
506 2518 586 2602 quid,
601 2520 655 2582 nisi
670 2521 776 2599 littora,
790 2542 921 2584 cernam.

183 2615 277 2690 Quod
295 2618 411 2680 videant
425 2618 513 2694 oculi,
530 2618 580 2693 nil,
596 2619 649 2681 nisi
665 2619 756 2696 littus,
771 2620 891 2682 habent.

73 2715 74 2718 ’
141 2713 230 2777 Nunc
248 2716 315 2791 huc,
332 2737 410 2776 nuuc
425 2715 503 2790 illuc,
519 2728 551 2777 et
566 2729 701 2798 utroque,
717 2718 780 2779 sine
795 2718 908 2796 ordine,
923 2737 1026 2782 curro:

182 2811 255 2875 Alta
270 2813 415 2896 puellares
430 2812 523 2874 tardat
538 2833 626 2874 arena
641 2813 744 2896 pedes.
828 2879 832 2886 ,
1075 2820 1120 2883 20

141 2907 257 2972 Interea
273 2924 334 2972 toto
349 2910 486 2972 clamanti
502 2910 609 2988 littore,
625 2909 788 2990 ‘Theseu‚'
1059 2910 1063 2917 ⁴

183 3006 362 3069 Reddebant
378 3030 485 3069 nornen
500 3030 631 3071 concava
645 3031 717 3073 saxa
732 3023 834 3075 tuum:

142 3104 182 3167 Et
194 3103 307 3188 quoties
323 3124 379 3184 ego
394 3117 434 3180 te,
446 3105 532 3166 toties
548 3106 630 3168 locus
645 3107 707 3189 ipse
724 3092 858 3172 vocabat.

184 3203 251 3288 lpse
267 3202 348 3264 locus
365 3202 476 3264 miserae
491 3202 565 3265 serre
582 3203 699 3267 volebat
715 3227 815 3288 opem.

143 3301 230 3366 lllons
247 3300 316 3377 suit3
340 3315 482 3383 apparent
495 3301 616 3365 'frutices
631 3303 660 3365 ³n
678 3304 788 3368 vertice
803 3305 876 3368 rari:
1076 3313 1118 3375 25

183 3399 263 3463 Hinc
277 3400 416 3483 scopulus
431 3402 525 3462 raucis
541 3401 650 3484 pendet
665 3403 771 3466 adesus
786 3404 881 3489 aquis.

144 3499 301 3564 Adscendo
319 3497 410 3584 (vires
432 3499 539 3561 mimus
554 3500 669 3586 dabat),
685 3516 774 3584 atque
788 3502 827 3565 ita
842 3503 901 3567 late

183 3595 316 3682 AEquora
331 3615 489 3682 prospectu
505 3599 610 3662 metior
624 3600 682 3662 alta
696 3621 775 3664 meo.
