2536 4252
565 383 674 433 LlBER
690 383 712 433 l.

142 533 235 600 'Cura
249 534 314 598 dei:
337 533 521 618 totidemque
536 534 629 618 plagae
644 534 747 597 tellure
762 547 946 618 premuntur.

152 632 289 707 Quarum
305 655 369 718 quae
383 632 551 710 mediaest,
566 654 624 695 non
639 645 684 696 est
699 632 864 697 habitabilis
878 646 967 703 aestut

151 730 214 820 Nix
228 732 301 814 tegit
315 732 373 794 alta
387 731 479 795 duas:
502 731 625 794 totidem
640 730 715 794 inter
728 745 884 816 utrumque
899 731 1025 809 locavit3
1082 735 1125 797 50

150 829 404 916 Temperiemque
419 829 511 907 dedit,
526 829 622 893 mixti
634 851 704 893 cum
718 827 824 912 frigore
839 829 971 895 flammi.

151 927 288 993 Imminet
303 929 349 992 his
362 931 430 993 air:
451 928 515 1014 qui,
531 928 641 1014 quantd
654 941 700 996 est
715 928 846 1015 pondere
861 942 944 999 terrae

151 1026 274 1095 Pondus
289 1049 372 1111 aqua
386 1027 494 1109 lenius,¹
506 1027 589 1097 tantd
603 1040 649 1090 est
661 1026 811 1092 onerosior
824 1026 895 1110 igni.

150 1122 215 1187 Illic
231 1138 261 1188 et
273 1125 407 1203 nebulas,
427 1125 486 1189 illio
500 1125 769 1191 consistero'nubes

150 1221 253 1301 Jussit,
269 1237 299 1287 et
313 1224 458 1293 humanas
471 1238 587 1287 motura
601 1224 727 1292 tonitrua
740 1237 886 1304 mentes„
1083 1223 1127 1290 55

151 1321 192 1384 Et
207 1344 277 1385 cum
292 1320 462 1386 fulminibus
476 1321 616 1386 facientes
632 1320 738 1405 frigora
753 1336 869 1385 ventos.

151 1418 208 1482 His
225 1441 343 1503 quoque
358 1442 418 1482 non
434 1419 543 1503 passim
558 1419 660 1482 mundi
675 1417 829 1482 fabricator
843 1418 1011 1482 habendum

152 1518 233 1581 Adra
248 1518 390 1602 permisit.
436 1517 499 1581 Vix
514 1539 592 1580 nunc
608 1516 755 1580 obsistitur
769 1517 835 1595 illis,

152 1614 233 1679 cum
248 1638 301 1679 sua
317 1616 440 1701 quisque
454 1629 558 1698 regant
572 1615 688 1679 diverso
703 1613 821 1678 flamina
835 1629 941 1693 tractu,

152 1712 236 1787 Quin
251 1714 362 1778 lanient
376 1715 538 1792 mundum;
559 1727 640 1779 tanta
655 1727 700 1779 est
715 1713 860 1777 discordia
874 1712 1005 1777 fratrum.
1083 1719 1126 1778 ῦῠ

151 1810 250 1875 Eurus
264 1813 302 1876 ad
317 1813 474 1890 Auroram,
490 1810 711 1897 Nabathaeaque
727 1834 818 1896 regna
832 1813 962 1891 recessit,

151 1908 345 1996 Persidaque,
360 1924 391 1980 et
406 1903 500 1980 radiis
503 1908 577 1996 juga
590 1910 707 1977 subdita
721 1910 882 1975 matutinis.

152 2005 282 2093 Vesper,
297 2023 328 2073 et
342 2008 468 2079 oooiduo
484 2030 549 2094 qua
564 2008 661 2073 littora
675 2008 737 2073 sole
752 2021 922 2094 tepescunt,

152 2105 294 2170 Proxima
307 2120 376 2177 suut
390 2105 554 2191 Zephyro:
577 2106 733 2192 Scythiam
748 2107 934 2193 septemque
949 2107 1074 2175 onnam

152 2203 286 2272 Horriser
300 2205 405 2274 invasit
419 2204 553 2282 Boream
573 2205 718 2274 contraria
732 2205 820 2272 tellus
1082 2207 1127 2271 tt

152 2302 289 2369 Nubibus
303 2303 442 2382 adsiduis,
457 2303 618 2388 pluvioque
633 2303 775 2371 madescit
792 2303 829 2369 ab
844 2302 966 2371 Austro.

150 2400 227 2465 ¹llaec
242 2423 332 2486 super
345 2401 486 2484 imposuit
499 2402 643 2487 liquidum
657 2416 689 2467 et
703 2401 847 2484 gravitate
860 2417 1012 2471 carentem

152 2499 288 2577 AEthera,
303 2521 360 2563 neo
376 2498 536 2584 quidquam
552 2514 675 2565 terrena
690 2498 768 2565 sacis
784 2499 960 2566 habentem.
998 2494 1006 2508 '
1052 2533 1056 2539 ·

197 2596 260 2660 Vix
274 2619 311 2659 ea
325 2596 464 2666 limitibus
479 2597 654 2682 dissepserat
668 2595 767 2665 omnia
781 2597 888 2676 sertim

77 2695 81 2705 '
153 2694 244 2773 com,
260 2718 324 2781 quae
338 2716 440 2780 pressa
453 2696 504 2765 diu
519 2694 617 2764 massis
631 2688 743 2761 latuere
758 2696 813 2762 sub
829 2695 888 2776 itit,
1084 2700 1127 2762 70

152 2793 257 2858 Sidera
270 2808 428 2878 coeperunt
442 2808 505 2860 toto
519 2793 715 2864 effervescere
729 2794 819 2863 ooelo.

151 2890 182 2956 N
184 2914 221 2955 eu
237 2894 318 2976 regio
332 2891 407 2959 foret
421 2892 481 2959 ulls
494 2893 555 2960 suis
569 2893 765 2960 animantibus
779 2891 861 2971 orba,

152 2989 243 3055 Astra
256 3003 359 3054 tenent
373 2991 496 3054 coeleste
511 2991 618 3069 solum,
633 2989 792 3075 formaque
807 2989 947 3059 deorumt

152 3087 317 3152 Cesserunt
330 3089 427 3153 nitidis
443 3089 607 3155 habitanda
622 3089 752 3173 piscibus
766 3089 870 3158 unda:

60 3261 66 3267 .
141 3187 246 3250 ‘Terra
261 3185 337 3250 feras
350 3187 449 3271 cepit:
472 3188 606 3253 volucres
621 3187 764 3270 agitabilis
779 3192 840 3252 adr.
1085 3191 1127 3252 75

195 3285 331 3349 Sanctius
346 3285 391 3349 lris
406 3285 524 3362 animal,
538 3285 706 3370 nrentisque
721 3286 860 3369 capacius
875 3285 941 3351 alta

152 3383 267 3447 Deerat
281 3385 389 3461 adhue,
404 3398 434 3451 et
450 3383 529 3468 quod
544 3383 686 3451 dominari
701 3384 731 3449 in
745 3398 851 3450 cetera
865 3396 977 3468 posset.

153 3479 249 3545 Natus
264 3482 354 3544 homo
369 3495 431 3549 est:
454 3481 517 3547 sire
532 3482 612 3545 huno
628 3482 728 3545 divino
743 3482 856 3546 semine
872 3481 943 3547 feeit

154 3578 206 3644 llle
222 3579 325 3664 opifex
339 3602 448 3661 return,
462 3580 566 3653 muudi
579 3580 708 3648 melioris
721 3579 820 3664 origo:
