2536 4252
566 387 674 436 crana
697 389 742 438 ru.
1077 385 1140 446 1071

165 532 245 596 Huic
259 555 328 597 cum
345 535 511 618 pignoribus
528 537 643 615 domus,
659 553 689 600 et
704 539 782 622 quod
797 539 905 623 cuique
921 539 1055 602 relictum
1069 552 1125 603 est.

164 631 320 715 Halcyone
336 632 442 716 C‘c'yca
456 648 573 698 movet:
597 634 709 719 C‘e'ycis
725 637 815 698 inore
1076 639 1146 703 181*

163 729 252 793 Nulla
268 731 321 793 nisi
338 730 495 813 Halcyone
511 746 572 796 est:
595 748 636 810 et,
650 735 719 796 obm
734 734 880 797 desideret
894 756 995 811 unam,

163 827 282 891 Gaudet
297 828 399 892 abesse
414 845 525 893 tamen.
570 830 675 894 Patriae
693 853 808 916 quoque
825 832 913 894 vellet
928 832 965 894 ad
984 853 1050 895 oras

162 924 336 1008 Respicere,
351 927 440 1012 inque
456 928 576 991 domum
590 951 743 1012 supremos
759 943 873 992 vertere
888 930 996 993 vultus.

163 1021 276 1085 ‚Verlnn
292 1025 341 1087 ubi
355 1026 391 1088 sit
405 1027 508 1089 nescit.
553 1026 654 1089 Tanta
670 1028 811 1110 vertigine
829 1042 935 1111 pontus
1075 1028 1134 1092 185

120 1267 122 1274 ,
161 1218 259 1280 Omne
275 1220 346 1282 latet
360 1222 487 1284 ooelum:
511 1221 716 1304 duplicataque
732 1223 825 1284 noctis
840 1223 936 1303 imago
950 1234 1006 1284 est.

203 1315 361 1398 Frangitur
375 1319 492 1379 incursu
507 1318 631 1380 nimbosi
646 1317 767 1380 turbinis
783 1318 884 1380 arbos:

160 1411 317 1494 Frangitur
331 1427 362 1475 et
375 1414 521 1496 regimen:
544 1415 701 1498 spoliisque
717 1415 847 1476 animosa
861 1429 1029 1498 superstans
1127 1405 1129 1410 ¹
1195 1483 1197 1487 ,

160 1507 260 1586 Unda,
277 1510 358 1573 velut
375 1511 489 1588 victrix,
503 1511 634 1574 sinuatas
646 1512 770 1595 despicit
785 1511 888 1574 undas.
1075 1514 1146 1577 1902

159 1605 189 1668 N
192 1628 226 1669 ec
241 1607 346 1685 levids,
362 1609 449 1691 quim
465 1608 489 1670 si
505 1609 568 1693 quis
584 1609 698 1685 Athon,
712 1608 892 1686 Pindumve,
907 1609 1039 1672 revulsos
1120 1642 1124 1649 ·
1197 1603 1200 1609 ¹

159 1704 238 1766 Sede
254 1705 317 1782 sud,
332 1720 407 1768 totos
423 1706 451 1767 in
467 1721 602 1789 apertum
617 1707 752 1770 everterit
768 1728 876 1790 aequor,

159 1800 345 1885 Pracipitata
359 1803 432 1866 ruit:
456 1804 622 1888 pariterque
638 1818 668 1866 et
681 1803 814 1887 pondere
830 1818 860 1867 et
875 1804 934 1867 ictu

158 1898 268 1982 Mergit
282 1900 312 1963 in
327 1901 386 1964 ima
399 1915 508 1964 ratem:
531 1923 600 1964 oum
614 1900 673 1985 qud
687 1923 754 1985 pars
769 1911 876 1984 magna
891 1901 1019 1965 virorum

158 1995 281 2080 Gurgite
298 2020 397 2082 pressa
412 2000 503 2082 gravi,
514 2020 612 2083 neque
627 1999 656 2061 in
671 2003 740 2075 adra
754 1999 880 2077 reddita,
895 1997 956 2063 sato
1074 2001 1143 2064 195·

158 2093 275 2158 Functa
289 2118 343 2158 suo
357 2111 412 2158 est.
457 2097 519 2159 Alii
533 2110 631 2180 partes
646 2110 676 2159 et
691 2098 824 2159 membra
838 2096 943 2159 carine

158 2192 279 2256 Trunca
293 2207 405 2256 tenent.
449 2193 550 2256 Tenet
564 2192 627 2276 ipse
642 2215 742 2271 manu,
758 2192 817 2278 qud
830 2206 948 2277 sceptra
961 2194 1086 2274 solebat,

136 2285 317 2375 '‘Fragmina
331 2289 438 2372 navigii
452 2289 555 2374 Ceyx,
570 2312 764 2375 socerumque
780 2305 954 2376 patremque

157 2387 280 2449 Invocat
297 2386 372 2473 (heu
382 2387 406 2471 l)
423 2387 538 2450 frustra.
581 2387 643 2449 Sed
658 2388 782 2470 plurima
796 2388 892 2450 nantis
907 2389 936 2452 in
954 2410 1005 2452 ore
1050 2406 1052 2411 ’
1100 2431 1107 2447 t

158 2484 316 2566 Halcyone
330 2483 452 2567 conjux.
495 2482 581 2547 Illam
595 2484 787 2568 meminitque
799 2482 983 2570 >refertque:¹
1070 2486 1155 2550 200·

158 2580 240 2642 Illius
256 2594 323 2642 ante
339 2581 439 2642 oculos
454 2592 487 2642 ut
500 2595 588 2663 agant
603 2602 655 2643 sua
669 2602 793 2664 corpora
807 2581 926 2661 fluctus,

159 2677 272 2760 Optat3
295 2692 325 2740 et
339 2677 482 2741 exanimis
496 2679 630 2741 manibus
644 2679 806 2743 tumuletur
818 2672 931 2745 amicis.

158 2774 241 2838 Dum
257 2789 354 2853 natat3
377 2776 539 2853 absentem,
554 2778 668 2861 quoties
681 2777 750 2840 sinit
764 2777 878 2842 hiscere
893 2778 1011 2859 fluctus,

157 2873 299 2936 Nominat
314 2871 502 2956 Halcyonen,
515 2874 645 2959 ipsisque
660 2875 861 2939 immurmurat
875 2877 971 2942 undis.

157 2970 240 3034 Ecce
255 2992 345 3055 super
358 2971 471 3064 medios
484 2971 591 3050 fluctus
606 2973 689 3055 niger
703 2993 788 3036 arcus
798 2994 940 3058 aquarum
959 3040 967 3051 ,
1068 2978 1133 3042 205
1152 3057 1154 3061 y

157 3071 330 3154 Frangitur:
354 3086 384 3134 et
398 3071 486 3156 rupta
499 3093 628 3135 mersum
642 3087 733 3157 caput
746 3073 842 3138 obruit
856 3075 946 3140 unda.

157 3169 278 3232 Luciser
292 3171 444 3246 obscurus,
458 3192 513 3232 neo
530 3192 619 3254 quem
632 3192 810 3254 cognoscere
825 3195 938 3258 posses,

157 3267 213 3331 lllal
227 3281 314 3330 nocte
330 3266 400 3330 suit:
424 3268 620 3351 quoniamque
636 3269 782 3333 excedere
798 3270 932 3357 Olympo

160 3363 228 3428 Non
243 3365 335 3440 licuit,
351 3363 448 3426 densis
462 3364 538 3427 texit
552 3386 605 3427 sua
618 3366 741 3430 nubibur
759 3387 818 3434 ura.

200 3462 296 3525 AEolis
311 3462 422 3525 interea
436 3476 582 3525 tantorum
596 3463 696 3546 ignara
712 3466 856 3528 malorum
1069 3469 1133 3533 210

75 3614 80 3625 .
117 3623 121 3627 ,
160 3559 336 3623 Dinumerat
349 3575 470 3623 noctes:
493 3552 607 3645 etjam,
623 3581 695 3646 quas
710 3562 811 3626 induat
825 3561 874 3625 ille
