2536 4252
555 382 663 439 LlBER
687 391 720 439 ll.

148 539 315 626 (Presserat
328 562 380 603 ora
394 539 510 625 vapor,)
528 547 637 602 ‘tostos
653 561 694 623 en
706 539 825 623 adspice
846 541 946 620 crines,

148 639 239 723 Inque
254 639 346 701 oculis
363 653 484 715 tantum,
500 652 613 700 tantum
627 659 717 721 super
730 660 781 700 ora
795 637 909 710 saville.

78 741 81 746 ’
147 735 250 799 Hosne
265 737 337 799 mihi
353 736 567 813 linctus,'hunc
583 735 735 798 fertilitatis
751 736 892 799 bonorem

146 834 304 918 Officiique
320 832 427 910 resurs3
451 832 530 918 qubd
547 833 653 896 adunci
669 834 790 896 vulnera
805 835 901 913 aratri,
1058 839 1121 902 285

73 992 78 997 .
147 931 380 1016 Rastrorurnque
396 930 468 1007 sero,
483 945 604 1015 totoque
620 953 762 1019 exerceor
776 933 876 996 anno?

147 1028 240 1102 Quod
256 1030 355 1113 pecori
370 1029 497 1107 frondes,
513 1028 710 1113 alimentaque
725 1030 817 1106 mitia,
833 1029 940 1113 fruges,

147 1126 286 1190 Humano
293 1128 411 1210 generi,
424 1127 505 1189 vobis
520 1126 599 1211 qubd
614 1128 698 1190 thura
713 1122 864 1191 ministro?

146 1225 207 1287 Sed
223 1240 320 1288 tamen
337 1226 460 1287 exitium
477 1224 522 1288 sac
538 1247 585 1287 me
601 1225 758 1287 meruisse:
783 1226 852 1309 quid
868 1227 963 1304 unda,

147 1321 230 1394 Quid
246 1323 351 1384 meruit
366 1322 472 1384 irater?
516 1321 581 1385 Cur
596 1322 635 1383 illi
651 1323 755 1384 tradita
770 1318 847 1384 'sorte
1058 1327 1122 1389 290

150 1420 280 1503 AEquora
295 1419 480 1495 decrescunt,
495 1432 526 1480 et
540 1419 576 1481 ab
592 1418 699 1480 aethere
715 1419 828 1500 longuis
844 1421 969 1484 absunt?

148 1516 241 1590 Quod
256 1518 280 1579 si
294 1539 350 1579 nec
367 1516 469 1595 fratris,
483 1539 540 1579 nec
555 1531 584 1579 te
600 1537 667 1578 mea
680 1518 772 1599 gratia
788 1517 897 1600 tangit3

151 1615 190 1676 At
206 1615 274 1677 coeli
289 1615 427 1677 miserere
442 1615 494 1677 tui.
539 1608 745 1697 Circumspice
760 1629 936 1700 utrumque3
976 1654 986 1675 ·.

150 1711 256 1775 Fumat
271 1728 394 1797 uterque
409 1712 511 1797 polus:
535 1711 646 1795 quossi
662 1712 808 1776 vitiaverit
823 1713 907 1796 ignis,

150 1811 232 1874 Atria
247 1825 343 1873 vestra
356 1824 452 1878 ruent.
497 1810 583 1872 Atlas
597 1831 635 1870 en
650 1810 713 1894 ipse
728 1810 856 1874 laborat:
1057 1814 1120 1878 295

149 1906 269 1992 Vixque
283 1909 342 1971 suis
357 1907 485 1970 humeris
498 1907 675 1970 candentem
689 1909 811 1971 sustinet
826 1930 925 1973 axem.

146 2005 178 2068 Si
194 2005 277 2082 freta,
292 2007 316 2068 si
331 2020 414 2069 terrae
429 2019 564 2088 pereunt,
579 2005 603 2068 si
619 2006 699 2088 regia
713 2007 800 2084 coeli3

147 2103 180 2165 ln
194 2104 285 2166 chaos
300 2103 452 2187 antiquum
466 2102 682 2166 confundimur.
727 2103 819 2189 Eripe
834 2105 970 2184 flammis,

146 2202 177 2263 Si
194 2201 264 2284 quid
279 2201 375 2264 adhuc
390 2214 539 2283 superest:
563 2214 593 2263 et
609 2223 705 2263 rerum
719 2203 840 2265 consule
855 2205 999 2268 summae'

146 2298 273 2361 Dixerat
288 2299 349 2362 haeo
365 2298 487 2360 Tellus:
511 2320 608 2382 neque
624 2299 703 2361 enirn
718 2300 842 2364 tolerare
859 2323 1000 2385 vaporem
1056 2304 1121 2367 300

146 2396 276 2459 Ulterius
292 2396 396 2479 potuit,
411 2418 467 2459 neo
482 2396 580 2458 dicere
596 2397 696 2479 plura:
719 2419 864 2481 suumque

146 2494 261 2556 Retulit
276 2516 308 2556 os
324 2494 351 2555 in
367 2515 409 2568 se,
425 2494 619 2576 propioraque
634 2490 875 2557 manibus'antra.

187 2591 231 2652 At
246 2605 329 2673 pater
343 2590 529 2671 omnipotens
544 2611 666 2672 superos
681 2604 813 2669 testatus,
828 2606 859 2655 et
873 2592 982 2676 ipsum,

146 2687 208 2761 Qui
223 2687 344 2749 dederat
358 2708 469 2765 currus,
485 2687 539 2750 nisi
553 2709 643 2771 opem
657 2687 740 2766 serat,
755 2690 854 2752 omnia
867 2689 938 2754 sato.

146 2786 298 2848 lnteritura
314 2785 415 2867 gravi3
438 2806 584 2871 summam
598 2786 673 2869 petit
687 2787 793 2851 arduus
809 2809 908 2851 arcem
917 2811 926 2867 3
1056 2793 1121 2856 305

147 2882 233 2945 Unde
249 2884 323 2946 solet
339 2883 403 2946 latis
418 2885 512 2946 nubes
527 2883 666 2946 inducere
681 2884 777 2948 terris:
794 2954 797 2960 ,

145 2981 234 3044 Unde
249 2995 349 3045 movet
364 2982 497 3059 tonitrus,
513 2982 683 3067 vibrataque
699 2982 820 3046 fulmina
830 2983 933 3069 jactat.

145 3080 206 3142 Sed
222 3101 331 3163 neque,
347 3102 419 3163 quas
434 3094 534 3163 posset
549 3081 631 3142 terris
646 3080 797 3159 inducere,
812 3082 906 3145 nubes

144 3178 233 3240 Tunc
250 3178 368 3240 habuit:
392 3199 459 3256 nec,
476 3200 548 3261 quos
563 3179 641 3242 coelo
657 3179 827 3257 dimitteret,
843 3180 961 3244 imbres·

147 3275 277 3339 lntonat:
302 3290 331 3338 et
347 3276 453 3338 dextra
467 3277 604 3340 libratum
619 3277 730 3340 fulmen
746 3279 783 3340 ab
798 3300 868 3341 aure
1057 3282 1120 3346 310

99 3405 102 3410 ·
145 3373 227 3436 Misit
242 3375 270 3436 in
286 3375 434 3455 aurigam:
460 3377 626 3460 pariterque
641 3377 798 3462 animique
813 3378 942 3463 rotisque

144 3472 281 3555 Expulit,
297 3486 327 3534 et
342 3472 425 3535 saevis
439 3475 622 3558 compescuit
637 3475 752 3557 ignibus
768 3476 862 3559 ignes.

144 3583 150 3602 ²
165 3569 378 3635 *onsternantur
392 3571 478 3656 equi:
502 3586 532 3635 et
547 3572 621 3636 saltu
637 3573 666 3636 in
681 3573 823 3637 contraria
837 3571 915 3637 sacto
