<?xml version="1.0" encoding="UTF-8"?>
<!DOCTYPE html PUBLIC "-//W3C//DTD XHTML 1.0 Transitional//EN"
    "http://www.w3.org/TR/xhtml1/DTD/xhtml1-transitional.dtd">
<html xmlns="http://www.w3.org/1999/xhtml" xml:lang="en" lang="en">
 <head>
  <title>
</title>
<meta http-equiv="Content-Type" content="text/html;charset=utf-8" />
  <meta name='ocr-system' content='tesseract 3.04.00' />
  <meta name='ocr-capabilities' content='ocr_page ocr_carea ocr_par ocr_line ocrx_word'/>
</head>
<body>
  <div class='ocr_page' id='page_1' title='image "./excerptaexscrip02ovidgoog_0189.png"; bbox 0 0 2536 4252; ppageno 0'>
   <div class='ocr_carea' id='block_1_1' title="bbox 155 378 698 470">
    <p class='ocr_par' dir='ltr' id='par_1_1' title="bbox 155 378 698 470">
     <span class='ocr_line' id='line_1_1' title="bbox 155 378 698 470; baseline -0.006 -2"><span class='ocrx_word' id='word_1_1' title='bbox 155 407 218 470; x_wconf 75' lang='lat'><strong>1¹14</strong></span> <span class='ocrx_word' id='word_1_2' title='bbox 419 378 424 387; x_wconf 72' lang='grc'><em>’</em></span> <span class='ocrx_word' id='word_1_3' title='bbox 586 415 698 467; x_wconf 76' lang='lat' dir='ltr'><strong>rnsra</strong></span> 
     </span>
    </p>
   </div>
   <div class='ocr_carea' id='block_1_2' title="bbox 151 564 1138 2416">
    <p class='ocr_par' dir='ltr' id='par_1_2' title="bbox 152 564 1138 762">
     <span class='ocr_line' id='line_1_2' title="bbox 152 564 1041 654; baseline 0.002 -25"><span class='ocrx_word' id='word_1_4' title='bbox 152 564 217 630; x_wconf 81' lang='lat' dir='ltr'><strong>Sex</strong></span> <span class='ocrx_word' id='word_1_5' title='bbox 231 567 359 646; x_wconf 84' lang='lat' dir='ltr'>Remus,</span> <span class='ocrx_word' id='word_1_6' title='bbox 374 568 422 631; x_wconf 90' lang='lat' dir='ltr'><strong>hie</strong></span> <span class='ocrx_word' id='word_1_7' title='bbox 437 567 571 631; x_wconf 88' lang='lat' dir='ltr'><strong>volucres</strong></span> <span class='ocrx_word' id='word_1_8' title='bbox 584 567 628 630; x_wconf 90' lang='lat' dir='ltr'><strong>bis</strong></span> <span class='ocrx_word' id='word_1_9' title='bbox 643 588 698 630; x_wconf 85' lang='lat' dir='ltr'><strong>sex</strong></span> <span class='ocrx_word' id='word_1_10' title='bbox 714 567 795 631; x_wconf 89' lang='lat' dir='ltr'><strong>videt</strong></span> <span class='ocrx_word' id='word_1_11' title='bbox 808 566 928 631; x_wconf 82' lang='lat' dir='ltr'>ordine:</span> <span class='ocrx_word' id='word_1_12' title='bbox 950 580 1041 654; x_wconf 81' lang='lat' dir='ltr'><strong>pacto</strong></span> 
     </span>
     <span class='ocr_line' id='line_1_3' title="bbox 194 665 1138 762; baseline 0.003 -32"><span class='ocrx_word' id='word_1_13' title='bbox 194 667 310 731; x_wconf 90' lang='lat' dir='ltr'><strong>Statur:</strong></span> <span class='ocrx_word' id='word_1_14' title='bbox 334 680 364 731; x_wconf 89' lang='lat' dir='ltr'><strong>et</strong></span> <span class='ocrx_word' id='word_1_15' title='bbox 378 665 527 729; x_wconf 83' lang='lat' dir='ltr'><strong>arbitrium</strong></span> <span class='ocrx_word' id='word_1_16' title='bbox 543 665 691 729; x_wconf 88' lang='lat' dir='ltr'>Romulus</span> <span class='ocrx_word' id='word_1_17' title='bbox 705 665 785 762; x_wconf 64' lang='lat' dir='ltr'><strong>urlpis</strong></span> <span class='ocrx_word' id='word_1_18' title='bbox 799 666 899 728; x_wconf 84' lang='lat' dir='ltr'><strong>habet.</strong></span> <span class='ocrx_word' id='word_1_19' title='bbox 1089 668 1138 733; x_wconf 62' lang='lat' dir='ltr'><strong><em>w</em></strong></span> 
     </span>
    </p>

    <p class='ocr_par' dir='ltr' id='par_1_3' title="bbox 152 765 893 956">
     <span class='ocr_line' id='line_1_4' title="bbox 152 765 870 850; baseline -0.006 -20"><span class='ocrx_word' id='word_1_20' title='bbox 152 766 236 850; x_wconf 83' lang='lat' dir='ltr'><strong>Apta</strong></span> <span class='ocrx_word' id='word_1_21' title='bbox 250 767 312 828; x_wconf 87' lang='lat' dir='ltr'><strong>dies</strong></span> <span class='ocrx_word' id='word_1_22' title='bbox 327 765 443 848; x_wconf 86' lang='lat' dir='ltr'><strong>legitur,</strong></span> <span class='ocrx_word' id='word_1_23' title='bbox 458 765 517 849; x_wconf 73' lang='lat' dir='ltr'><strong>qui</strong></span> <span class='ocrx_word' id='word_1_24' title='bbox 531 765 641 828; x_wconf 88' lang='lat' dir='ltr'><strong>moenia</strong></span> <span class='ocrx_word' id='word_1_25' title='bbox 655 765 750 848; x_wconf 85' lang='lat' dir='ltr'><strong>signet</strong></span> <span class='ocrx_word' id='word_1_26' title='bbox 765 779 870 828; x_wconf 83' lang='lat' dir='ltr'><strong>aratro.</strong></span> 
     </span>
     <span class='ocr_line' id='line_1_5' title="bbox 194 863 893 956; baseline -0.001 -30"><span class='ocrx_word' id='word_1_27' title='bbox 194 863 378 956; x_wconf 25' lang='lat' dir='ltr'><strong>SacraxPalis</strong></span> <span class='ocrx_word' id='word_1_28' title='bbox 393 864 549 926; x_wconf 82' lang='lat' dir='ltr'><strong>suberant:</strong></span> <span class='ocrx_word' id='word_1_29' title='bbox 573 863 641 925; x_wconf 92' lang='lat' dir='ltr'><strong>inde</strong></span> <span class='ocrx_word' id='word_1_30' title='bbox 656 877 793 926; x_wconf 85' lang='lat' dir='ltr'><strong>movetur</strong></span> <span class='ocrx_word' id='word_1_31' title='bbox 807 883 893 947; x_wconf 90' lang='lat' dir='ltr'><strong>opus.</strong></span> 
     </span>
    </p>

    <p class='ocr_par' dir='ltr' id='par_1_4' title="bbox 152 957 956 1144">
     <span class='ocr_line' id='line_1_6' title="bbox 152 957 956 1044; baseline 0.002 -22"><span class='ocrx_word' id='word_1_32' title='bbox 152 960 225 1023; x_wconf 92' lang='lat' dir='ltr'><strong>Inde</strong></span> <span class='ocrx_word' id='word_1_33' title='bbox 241 982 380 1044; x_wconf 88' lang='lat' dir='ltr'><strong>premens</strong></span> <span class='ocrx_word' id='word_1_34' title='bbox 395 963 500 1024; x_wconf 87' lang='lat' dir='ltr'><strong>stivam</strong></span> <span class='ocrx_word' id='word_1_35' title='bbox 515 957 648 1042; x_wconf 85' lang='lat' dir='ltr'><strong>designat</strong></span> <span class='ocrx_word' id='word_1_36' title='bbox 662 961 773 1023; x_wconf 87' lang='lat' dir='ltr'><strong>moenia</strong></span> <span class='ocrx_word' id='word_1_37' title='bbox 788 961 888 1024; x_wconf 89' lang='lat' dir='ltr'><strong>sulco:</strong></span> <span class='ocrx_word' id='word_1_38' title='bbox 953 1005 956 1009; x_wconf 62' lang='lat'><strong><em>‹</em></strong></span> 
     </span>
     <span class='ocr_line' id='line_1_7' title="bbox 194 1058 870 1144; baseline 0.001 -23"><span class='ocrx_word' id='word_1_39' title='bbox 194 1059 273 1122; x_wconf 86' lang='lat' dir='ltr'><strong>Alba</strong></span> <span class='ocrx_word' id='word_1_40' title='bbox 284 1058 391 1144; x_wconf 85' lang='lat' dir='ltr'><strong>jugum</strong></span> <span class='ocrx_word' id='word_1_41' title='bbox 405 1060 493 1122; x_wconf 85' lang='lat' dir='ltr'><strong>niveo</strong></span> <span class='ocrx_word' id='word_1_42' title='bbox 507 1081 575 1122; x_wconf 88' lang='lat' dir='ltr'><strong>cum</strong></span> <span class='ocrx_word' id='word_1_43' title='bbox 592 1059 668 1122; x_wconf 84' lang='lat' dir='ltr'><strong>bove</strong></span> <span class='ocrx_word' id='word_1_44' title='bbox 684 1080 775 1122; x_wconf 87' lang='lat' dir='ltr'><strong>vacca</strong></span> <span class='ocrx_word' id='word_1_45' title='bbox 793 1059 870 1122; x_wconf 86' lang='lat' dir='ltr'><strong>tulit.</strong></span> 
     </span>
    </p>

    <p class='ocr_par' dir='ltr' id='par_1_5' title="bbox 153 1153 1133 1340">
     <span class='ocr_line' id='line_1_8' title="bbox 153 1153 1133 1241; baseline 0.002 -22"><span class='ocrx_word' id='word_1_46' title='bbox 153 1153 224 1219; x_wconf 83' lang='lat' dir='ltr'><strong>Vox</strong></span> <span class='ocrx_word' id='word_1_47' title='bbox 239 1156 293 1220; x_wconf 88' lang='lat' dir='ltr'><strong>luit</strong></span> <span class='ocrx_word' id='word_1_48' title='bbox 307 1158 370 1220; x_wconf 86' lang='lat' dir='ltr'><strong>haec</strong></span> <span class='ocrx_word' id='word_1_49' title='bbox 385 1156 498 1239; x_wconf 75' lang='lat' dir='ltr'><strong>Regias</strong></span> <span class='ocrx_word' id='word_1_50' title='bbox 520 1163 530 1194; x_wconf 82' lang='lat'>‘</span> <span class='ocrx_word' id='word_1_51' title='bbox 539 1156 700 1233; x_wconf 82' lang='lat' dir='ltr'><strong>Gaudenti,</strong></span> <span class='ocrx_word' id='word_1_52' title='bbox 716 1155 845 1241; x_wconf 84' lang='lat' dir='ltr'><strong>Jupiter,</strong></span> <span class='ocrx_word' id='word_1_53' title='bbox 859 1157 975 1235; x_wconf 86' lang='lat' dir='ltr'><strong>urbem,</strong></span> <span class='ocrx_word' id='word_1_54' title='bbox 1087 1159 1133 1221; x_wconf 89' lang='lat'><strong>95</strong></span> 
     </span>
     <span class='ocr_line' id='line_1_9' title="bbox 195 1253 904 1340; baseline 0.003 -23"><span class='ocrx_word' id='word_1_55' title='bbox 195 1253 236 1318; x_wconf 86' lang='lat' dir='ltr'><strong>Et</strong></span> <span class='ocrx_word' id='word_1_56' title='bbox 251 1256 365 1338; x_wconf 83' lang='lat' dir='ltr'><strong>genitor</strong></span> <span class='ocrx_word' id='word_1_57' title='bbox 377 1254 512 1333; x_wconf 82' lang='lat' dir='ltr'><strong>Mavors,</strong></span> <span class='ocrx_word' id='word_1_58' title='bbox 528 1254 681 1340; x_wconf 83' lang='lat' dir='ltr'><strong>Vestaque</strong></span> <span class='ocrx_word' id='word_1_59' title='bbox 697 1269 801 1333; x_wconf 91' lang='lat' dir='ltr'><strong>mater,</strong></span> <span class='ocrx_word' id='word_1_60' title='bbox 816 1256 904 1319; x_wconf 86' lang='lat' dir='ltr'><strong>ades:</strong></span> 
     </span>
    </p>

    <p class='ocr_par' dir='ltr' id='par_1_6' title="bbox 151 1348 1002 1536">
     <span class='ocr_line' id='line_1_10' title="bbox 151 1348 1002 1438; baseline 0 -23"><span class='ocrx_word' id='word_1_61' title='bbox 151 1348 298 1437; x_wconf 78' lang='lat' dir='ltr'><strong>Quosque</strong></span> <span class='ocrx_word' id='word_1_62' title='bbox 314 1355 395 1438; x_wconf 90' lang='lat' dir='ltr'><strong>pium</strong></span> <span class='ocrx_word' id='word_1_63' title='bbox 410 1368 455 1417; x_wconf 91' lang='lat' dir='ltr'><strong>est</strong></span> <span class='ocrx_word' id='word_1_64' title='bbox 470 1354 608 1416; x_wconf 91' lang='lat' dir='ltr'><strong>adhibere</strong></span> <span class='ocrx_word' id='word_1_65' title='bbox 624 1353 706 1430; x_wconf 89' lang='lat' dir='ltr'><strong>deos,</strong></span> <span class='ocrx_word' id='word_1_66' title='bbox 721 1353 864 1416; x_wconf 90' lang='lat' dir='ltr'><strong>advertite</strong></span> <span class='ocrx_word' id='word_1_67' title='bbox 880 1352 1002 1417; x_wconf 74' lang='lat' dir='ltr'><strong>cunctis·</strong></span> 
     </span>
     <span class='ocr_line' id='line_1_11' title="bbox 194 1452 942 1536; baseline 0.003 -24"><span class='ocrx_word' id='word_1_68' title='bbox 194 1452 375 1536; x_wconf 89' lang='lat' dir='ltr'><strong>Auspicibus</strong></span> <span class='ocrx_word' id='word_1_69' title='bbox 391 1452 472 1515; x_wconf 90' lang='lat' dir='ltr'><strong>vobis</strong></span> <span class='ocrx_word' id='word_1_70' title='bbox 488 1453 544 1514; x_wconf 89' lang='lat' dir='ltr'><strong>hoc</strong></span> <span class='ocrx_word' id='word_1_71' title='bbox 560 1452 630 1527; x_wconf 83' lang='lat' dir='ltr'><strong>mihi</strong></span> <span class='ocrx_word' id='word_1_72' title='bbox 646 1465 745 1534; x_wconf 82' lang='lat' dir='ltr'>surgat</span> <span class='ocrx_word' id='word_1_73' title='bbox 759 1473 846 1536; x_wconf 83' lang='lat' dir='ltr'><strong>opus.</strong></span> <span class='ocrx_word' id='word_1_74' title='bbox 936 1517 942 1528; x_wconf 60' lang='grc'><strong>,</strong></span> 
     </span>
    </p>

    <p class='ocr_par' dir='ltr' id='par_1_7' title="bbox 151 1545 1132 1732">
     <span class='ocr_line' id='line_1_12' title="bbox 151 1545 945 1634; baseline 0.003 -24"><span class='ocrx_word' id='word_1_75' title='bbox 151 1548 257 1631; x_wconf 87' lang='lat' dir='ltr'><strong>Longa</strong></span> <span class='ocrx_word' id='word_1_76' title='bbox 271 1551 307 1612; x_wconf 93' lang='lat' dir='ltr'><strong>sit</strong></span> <span class='ocrx_word' id='word_1_77' title='bbox 323 1550 390 1612; x_wconf 90' lang='lat' dir='ltr'><strong>huic</strong></span> <span class='ocrx_word' id='word_1_78' title='bbox 405 1563 484 1627; x_wconf 79' lang='lat' dir='ltr'><strong>atas,</strong></span> <span class='ocrx_word' id='word_1_79' title='bbox 500 1551 686 1634; x_wconf 76' lang='lat' dir='ltr'><strong>dominaque</strong></span> <span class='ocrx_word' id='word_1_80' title='bbox 698 1550 831 1633; x_wconf 90' lang='lat' dir='ltr'><strong>potentia</strong></span> <span class='ocrx_word' id='word_1_81' title='bbox 844 1545 945 1613; x_wconf 72' lang='lat' dir='ltr'><strong>terre:</strong></span> 
     </span>
     <span class='ocr_line' id='line_1_13' title="bbox 194 1637 1132 1732; baseline 0.002 -22"><span class='ocrx_word' id='word_1_82' title='bbox 194 1647 298 1732; x_wconf 89' lang='lat' dir='ltr'><strong>Sitque</strong></span> <span class='ocrx_word' id='word_1_83' title='bbox 313 1648 367 1710; x_wconf 90' lang='lat' dir='ltr'><strong>sub</strong></span> <span class='ocrx_word' id='word_1_84' title='bbox 383 1649 438 1710; x_wconf 76' lang='lat' dir='ltr'><strong>haic</strong></span> <span class='ocrx_word' id='word_1_85' title='bbox 454 1648 549 1710; x_wconf 90' lang='lat' dir='ltr'><strong>oriens</strong></span> <span class='ocrx_word' id='word_1_86' title='bbox 564 1648 764 1732; x_wconf 83' lang='lat' dir='ltr'><strong>occiduusque</strong></span> <span class='ocrx_word' id='word_1_87' title='bbox 777 1637 864 1710; x_wconf 73' lang='lat' dir='ltr'><strong>&#39;dies’</strong></span> <span class='ocrx_word' id='word_1_88' title='bbox 1067 1649 1132 1712; x_wconf 80' lang='lat'><strong>100</strong></span> 
     </span>
    </p>

    <p class='ocr_par' dir='ltr' id='par_1_8' title="bbox 151 1743 943 1829">
     <span class='ocr_line' id='line_1_14' title="bbox 151 1743 943 1829; baseline 0.004 -23"><span class='ocrx_word' id='word_1_89' title='bbox 151 1743 206 1809; x_wconf 92' lang='lat' dir='ltr'><strong>Ille</strong></span> <span class='ocrx_word' id='word_1_90' title='bbox 221 1747 403 1829; x_wconf 76' lang='lat' dir='ltr'><strong>precabatur.</strong></span> <span class='ocrx_word' id='word_1_91' title='bbox 447 1745 573 1808; x_wconf 83' lang='lat' dir='ltr'><strong>Toninu</strong></span> <span class='ocrx_word' id='word_1_92' title='bbox 589 1745 671 1808; x_wconf 86' lang='lat' dir='ltr'><strong>dedit</strong></span> <span class='ocrx_word' id='word_1_93' title='bbox 683 1747 782 1808; x_wconf 91' lang='lat' dir='ltr'><strong>omina</strong></span> <span class='ocrx_word' id='word_1_94' title='bbox 796 1746 870 1809; x_wconf 77' lang='lat' dir='ltr'><strong>laevo</strong></span> <span class='ocrx_word' id='word_1_95' title='bbox 908 1748 943 1775; x_wconf 84' lang='lat'><strong>‘&#39;</strong></span> 
     </span>
    </p>

    <p class='ocr_par' dir='ltr' id='par_1_9' title="bbox 165 1842 801 1927">
     <span class='ocr_line' id='line_1_15' title="bbox 165 1842 801 1927; baseline 0.003 -23"><span class='ocrx_word' id='word_1_96' title='bbox 165 1885 167 1889; x_wconf 30' lang='grc' dir='ltr'><em>ψ</em></span> <span class='ocrx_word' id='word_1_97' title='bbox 193 1842 327 1927; x_wconf 85' lang='lat' dir='ltr'><strong>Jupiter:</strong></span> <span class='ocrx_word' id='word_1_98' title='bbox 351 1858 381 1906; x_wconf 88' lang='lat' dir='ltr'><strong>et</strong></span> <span class='ocrx_word' id='word_1_99' title='bbox 395 1845 469 1906; x_wconf 83' lang='lat' dir='ltr'><strong>laevo</strong></span> <span class='ocrx_word' id='word_1_100' title='bbox 484 1843 604 1906; x_wconf 88' lang='lat' dir='ltr'><strong>sulmina</strong></span> <span class='ocrx_word' id='word_1_101' title='bbox 619 1845 706 1906; x_wconf 91' lang='lat' dir='ltr'><strong>missa</strong></span> <span class='ocrx_word' id='word_1_102' title='bbox 721 1844 801 1927; x_wconf 90' lang='lat' dir='ltr'><strong>polo.</strong></span> 
     </span>
    </p>

    <p class='ocr_par' dir='ltr' id='par_1_10' title="bbox 152 1939 824 2124">
     <span class='ocr_line' id='line_1_16' title="bbox 152 1939 784 2025; baseline 0.003 -23"><span class='ocrx_word' id='word_1_103' title='bbox 152 1941 285 2022; x_wconf 84' lang='lat' dir='ltr'><strong>Augurio</strong></span> <span class='ocrx_word' id='word_1_104' title='bbox 301 1942 357 2003; x_wconf 89' lang='lat' dir='ltr'><strong>laeti</strong></span> <span class='ocrx_word' id='word_1_105' title='bbox 367 1941 482 2025; x_wconf 86' lang='lat' dir='ltr'><strong>jaciunt</strong></span> <span class='ocrx_word' id='word_1_106' title='bbox 497 1939 667 2003; x_wconf 81' lang='lat' dir='ltr'><strong>fundamina</strong></span> <span class='ocrx_word' id='word_1_107' title='bbox 684 1942 784 2018; x_wconf 87' lang='lat' dir='ltr'><strong>cives;</strong></span> 
     </span>
     <span class='ocr_line' id='line_1_17' title="bbox 194 2037 824 2124; baseline 0.003 -24"><span class='ocrx_word' id='word_1_108' title='bbox 194 2037 236 2100; x_wconf 85' lang='lat' dir='ltr'><strong>Et</strong></span> <span class='ocrx_word' id='word_1_109' title='bbox 250 2061 346 2100; x_wconf 90' lang='lat' dir='ltr'><strong>novus</strong></span> <span class='ocrx_word' id='word_1_110' title='bbox 360 2040 470 2120; x_wconf 83' lang='lat' dir='ltr'><strong>exiguo</strong></span> <span class='ocrx_word' id='word_1_111' title='bbox 484 2052 619 2124; x_wconf 89' lang='lat' dir='ltr'><strong>tempore</strong></span> <span class='ocrx_word' id='word_1_112' title='bbox 634 2061 734 2113; x_wconf 84' lang='lat' dir='ltr'><strong>murus</strong></span> <span class='ocrx_word' id='word_1_113' title='bbox 751 2053 824 2103; x_wconf 84' lang='lat' dir='ltr'><strong>erat.</strong></span> 
     </span>
    </p>

    <p class='ocr_par' dir='ltr' id='par_1_11' title="bbox 152 2133 1135 2319">
     <span class='ocr_line' id='line_1_18' title="bbox 152 2133 1135 2223; baseline 0.002 -25"><span class='ocrx_word' id='word_1_114' title='bbox 152 2133 221 2199; x_wconf 92' lang='lat' dir='ltr'><strong>Hoc</strong></span> <span class='ocrx_word' id='word_1_115' title='bbox 237 2135 328 2200; x_wconf 90' lang='lat' dir='ltr'><strong>Celer</strong></span> <span class='ocrx_word' id='word_1_116' title='bbox 342 2150 426 2219; x_wconf 85' lang='lat' dir='ltr'><strong>urget</strong></span> <span class='ocrx_word' id='word_1_117' title='bbox 439 2158 526 2223; x_wconf 87' lang='lat' dir='ltr'><strong>opus,</strong></span> <span class='ocrx_word' id='word_1_118' title='bbox 541 2158 631 2222; x_wconf 85' lang='lat' dir='ltr'><strong>quem</strong></span> <span class='ocrx_word' id='word_1_119' title='bbox 647 2136 795 2200; x_wconf 84' lang='lat' dir='ltr'><strong>Romulus</strong></span> <span class='ocrx_word' id='word_1_120' title='bbox 810 2137 876 2220; x_wconf 89' lang='lat' dir='ltr'><strong>ipse</strong></span> <span class='ocrx_word' id='word_1_121' title='bbox 888 2135 1028 2215; x_wconf 75' lang='lat' dir='ltr'><strong>vooirat3</strong></span> <span class='ocrx_word' id='word_1_122' title='bbox 1066 2136 1135 2200; x_wconf 77' lang='lat'><strong>106</strong></span> 
     </span>
     <span class='ocr_line' id='line_1_19' title="bbox 194 2235 903 2319; baseline 0 -21"><span class='ocrx_word' id='word_1_123' title='bbox 194 2235 348 2319; x_wconf 87' lang='lat' dir='ltr'><strong>‘Sintque‚</strong></span> <span class='ocrx_word' id='word_1_124' title='bbox 364 2235 578 2315; x_wconf 73' lang='lat' dir='ltr'><strong>Celer„cure,’</strong></span> <span class='ocrx_word' id='word_1_125' title='bbox 594 2236 719 2313; x_wconf 75' lang='lat' dir='ltr'><strong>dixerat,</strong></span> <span class='ocrx_word' id='word_1_126' title='bbox 736 2236 808 2298; x_wconf 87' lang='lat' dir='ltr'><strong>‘ista</strong></span> <span class='ocrx_word' id='word_1_127' title='bbox 822 2235 903 2298; x_wconf 67' lang='lat' dir='ltr'><strong>tua?</strong></span> 
     </span>
    </p>

    <p class='ocr_par' dir='ltr' id='par_1_12' title="bbox 152 2316 958 2416">
     <span class='ocr_line' id='line_1_20' title="bbox 152 2316 958 2416; baseline -0.001 -21"><span class='ocrx_word' id='word_1_128' title='bbox 152 2330 240 2395; x_wconf 81' lang='lat' dir='ltr'><strong>lleve</strong></span> <span class='ocrx_word' id='word_1_129' title='bbox 256 2333 320 2416; x_wconf 91' lang='lat' dir='ltr'><strong>quis</strong></span> <span class='ocrx_word' id='word_1_130' title='bbox 335 2345 387 2395; x_wconf 84' lang='lat' dir='ltr'><strong>aut</strong></span> <span class='ocrx_word' id='word_1_131' title='bbox 401 2316 511 2410; x_wconf 76' lang='lat' dir='ltr'><strong>muros,</strong></span> <span class='ocrx_word' id='word_1_132' title='bbox 525 2347 576 2394; x_wconf 88' lang='lat' dir='ltr'><strong>aut</strong></span> <span class='ocrx_word' id='word_1_133' title='bbox 590 2331 696 2394; x_wconf 84' lang='lat' dir='ltr'><strong>saetam</strong></span> <span class='ocrx_word' id='word_1_134' title='bbox 712 2327 832 2394; x_wconf 87' lang='lat' dir='ltr'><strong>vomere</strong></span> <span class='ocrx_word' id='word_1_135' title='bbox 848 2332 958 2395; x_wconf 70' lang='lat' dir='ltr'><strong>fossam</strong></span> 
     </span>
    </p>
   </div>
   <div class='ocr_carea' id='block_1_3' title="bbox 82 2430 804 2494">
    <p class='ocr_par' dir='ltr' id='par_1_13' title="bbox 82 2430 804 2494">
     <span class='ocr_line' id='line_1_21' title="bbox 82 2430 804 2494; baseline 0 -1"><span class='ocrx_word' id='word_1_136' title='bbox 82 2456 84 2460; x_wconf 93' lang='lat'>·</span> <span class='ocrx_word' id='word_1_137' title='bbox 193 2431 356 2494; x_wconf 88' lang='lat' dir='ltr'><strong>Transeat:</strong></span> <span class='ocrx_word' id='word_1_138' title='bbox 379 2431 538 2492; x_wconf 88' lang='lat' dir='ltr'><strong>audentem</strong></span> <span class='ocrx_word' id='word_1_139' title='bbox 553 2430 622 2492; x_wconf 86' lang='lat' dir='ltr'><strong>talia</strong></span> <span class='ocrx_word' id='word_1_140' title='bbox 635 2430 712 2492; x_wconf 89' lang='lat' dir='ltr'><strong>dede</strong></span> <span class='ocrx_word' id='word_1_141' title='bbox 727 2431 804 2493; x_wconf 89' lang='lat' dir='ltr'><strong>neci.</strong></span> 
     </span>
    </p>
   </div>
   <div class='ocr_carea' id='block_1_4' title="bbox 101 2526 1219 3021">
    <p class='ocr_par' dir='ltr' id='par_1_14' title="bbox 101 2526 1219 3015">
     <span class='ocr_line' id='line_1_22' title="bbox 152 2526 1002 2610; baseline 0.001 -20"><span class='ocrx_word' id='word_1_142' title='bbox 152 2526 245 2601; x_wconf 82' lang='lat' dir='ltr'><strong>Quod</strong></span> <span class='ocrx_word' id='word_1_143' title='bbox 261 2528 398 2590; x_wconf 89' lang='lat' dir='ltr'><strong>Remus</strong></span> <span class='ocrx_word' id='word_1_144' title='bbox 391 2532 535 2610; x_wconf 80' lang='lat' dir='ltr'><strong>ignoraris,</strong></span> <span class='ocrx_word' id='word_1_145' title='bbox 553 2529 679 2591; x_wconf 86' lang='lat' dir='ltr'><strong>humiles</strong></span> <span class='ocrx_word' id='word_1_146' title='bbox 693 2543 884 2591; x_wconf 86' lang='lat' dir='ltr'><strong>contemnere</strong></span> <span class='ocrx_word' id='word_1_147' title='bbox 898 2544 1002 2591; x_wconf 64' lang='lat' dir='ltr'><strong>nrum</strong></span> 
     </span>
     <span class='ocr_line' id='line_1_23' title="bbox 194 2622 1219 2710; baseline 0.003 -23"><span class='ocrx_word' id='word_1_148' title='bbox 194 2624 315 2710; x_wconf 91' lang='lat' dir='ltr'><strong>Coepit:</strong></span> <span class='ocrx_word' id='word_1_149' title='bbox 339 2640 380 2702; x_wconf 88' lang='lat' dir='ltr'><strong>et,</strong></span> <span class='ocrx_word' id='word_1_150' title='bbox 396 2625 471 2688; x_wconf 87' lang='lat' dir='ltr'><strong>‘llis</strong></span> <span class='ocrx_word' id='word_1_151' title='bbox 487 2626 633 2709; x_wconf 90' lang='lat' dir='ltr'><strong>populus,’</strong></span> <span class='ocrx_word' id='word_1_152' title='bbox 650 2626 758 2704; x_wconf 87' lang='lat' dir='ltr'><strong>dicere,</strong></span> <span class='ocrx_word' id='word_1_153' title='bbox 775 2622 983 2703; x_wconf 67' lang='lat' dir='ltr'><strong>‘tutuneritl&#39;</strong></span> <span class='ocrx_word' id='word_1_154' title='bbox 1020 2648 1023 2653; x_wconf 73' lang='grc'><em>’</em></span> <span class='ocrx_word' id='word_1_155' title='bbox 1034 2626 1129 2695; x_wconf 73' lang='lat' dir='ltr'><strong>nlo</strong></span> <span class='ocrx_word' id='word_1_156' title='bbox 1214 2633 1219 2639; x_wconf 84' lang='lat'>&#39;</span> 
     </span>
     <span class='ocr_line' id='line_1_24' title="bbox 151 2720 1041 2808; baseline 0.004 -24"><span class='ocrx_word' id='word_1_157' title='bbox 151 2720 182 2784; x_wconf 91' lang='lat' dir='ltr'><strong>N</strong></span> <span class='ocrx_word' id='word_1_158' title='bbox 184 2744 219 2784; x_wconf 89' lang='lat' dir='ltr'><strong>ec</strong></span> <span class='ocrx_word' id='word_1_159' title='bbox 234 2744 325 2800; x_wconf 89' lang='lat' dir='ltr'><strong>mora,</strong></span> <span class='ocrx_word' id='word_1_160' title='bbox 340 2724 492 2786; x_wconf 87' lang='lat' dir='ltr'><strong>transiluit.</strong></span> <span class='ocrx_word' id='word_1_161' title='bbox 537 2722 633 2786; x_wconf 89' lang='lat' dir='ltr'><strong>Rutro</strong></span> <span class='ocrx_word' id='word_1_162' title='bbox 648 2723 740 2787; x_wconf 87' lang='lat' dir='ltr'><strong>Celer</strong></span> <span class='ocrx_word' id='word_1_163' title='bbox 752 2738 883 2808; x_wconf 84' lang='lat' dir='ltr'><strong>occupat</strong></span> <span class='ocrx_word' id='word_1_164' title='bbox 894 2726 1041 2787; x_wconf 75' lang='grc' dir='ltr'><strong>αΜ</strong></span> 
     </span>
     <span class='ocr_line' id='line_1_25' title="bbox 101 2819 891 2909; baseline 0.005 -29"><span class='ocrx_word' id='word_1_165' title='bbox 101 2877 104 2880; x_wconf 27' lang='grc'><strong><em>«</em></strong></span> <span class='ocrx_word' id='word_1_166' title='bbox 193 2819 248 2882; x_wconf 91' lang='lat' dir='ltr'><strong>Ille</strong></span> <span class='ocrx_word' id='word_1_167' title='bbox 264 2822 373 2909; x_wconf 75' lang='lat' dir='ltr'><strong>prerpit</strong></span> <span class='ocrx_word' id='word_1_168' title='bbox 384 2821 742 2904; x_wconf 77' lang='lat' dir='ltr'><strong>duramsangninolentus</strong></span> <span class='ocrx_word' id='word_1_169' title='bbox 752 2823 891 2884; x_wconf 87' lang='lat' dir='ltr'><strong>humum.</strong></span> 
     </span>
     <span class='ocr_line' id='line_1_26' title="bbox 260 2920 948 3021; baseline 0.001 -40"><span class='ocrx_word' id='word_1_170' title='bbox 260 2924 380 3015; x_wconf 36' lang='lat'><strong>{⁴4:³³3</strong></span> <span class='ocrx_word' id='word_1_171' title='bbox 377 2920 509 3021; x_wconf 70' lang='grc' dir='ltr'><strong>ῥᾴωίῑ,</strong></span> <span class='ocrx_word' id='word_1_172' title='bbox 520 2920 686 3015; x_wconf 63' lang='grc' dir='ltr'><strong>Ιαοτχηάε</strong></span> <span class='ocrx_word' id='word_1_173' title='bbox 673 2935 818 2984; x_wconf 78' lang='lat' dir='ltr'><strong>introrsus</strong></span> <span class='ocrx_word' id='word_1_174' title='bbox 831 2920 948 2983; x_wconf 89' lang='lat' dir='ltr'><strong>obortas</strong></span> 
     </span>
    </p>
   </div>
   <div class='ocr_carea' id='block_1_5' title="bbox 77 3104 1202 3690">
    <p class='ocr_par' dir='ltr' id='par_1_15' title="bbox 2 3102 1202 3690">
     <span class='ocr_line' id='line_1_27' title="bbox 77 3104 1135 3199; baseline 0.007 -27.47"><span class='ocrx_word' id='word_1_175' title='bbox 77 3130 106 3194; x_wconf 53' lang='lat' dir='ltr'><strong>ea</strong></span> <span class='ocrx_word' id='word_1_176' title='bbox 138 3116 141 3123; x_wconf 90' lang='lat'>&#39;</span> <span class='ocrx_word' id='word_1_177' title='bbox 226 3112 245 3123; x_wconf 81' lang='grc'>”</span> <span class='ocrx_word' id='word_1_178' title='bbox 258 3104 346 3189; x_wconf 56' lang='lat' dir='ltr'><strong>&#39;‘fr&#39;„</strong></span> <span class='ocrx_word' id='word_1_179' title='bbox 367 3134 426 3175; x_wconf 88' lang='lat' dir='ltr'><strong>non</strong></span> <span class='ocrx_word' id='word_1_180' title='bbox 441 3113 513 3190; x_wconf 85' lang='lat' dir='ltr'><strong>vult,</strong></span> <span class='ocrx_word' id='word_1_181' title='bbox 528 3114 727 3199; x_wconf 82' lang='lat' dir='ltr'><strong>exemplaque</strong></span> <span class='ocrx_word' id='word_1_182' title='bbox 743 3115 827 3178; x_wconf 88' lang='lat' dir='ltr'><strong>sortia</strong></span> <span class='ocrx_word' id='word_1_183' title='bbox 840 3129 956 3179; x_wconf 79' lang='lat' dir='ltr'><strong>serrat:</strong></span> <span class='ocrx_word' id='word_1_184' title='bbox 1065 3113 1135 3179; x_wconf 78' lang='lat'>115·</span> 
     </span>
     <span class='ocr_line' id='line_1_28' title="bbox 128 3182 1165 3317; baseline 0.005 -44.698"><span class='ocrx_word' id='word_1_185' title='bbox 128 3280 140 3293; x_wconf 27' lang='grc' dir='ltr'><strong>Ι,</strong></span> <span class='ocrx_word' id='word_1_186' title='bbox 192 3182 419 3317; x_wconf 48' lang='lat' dir='ltr'><strong>‘Sioqnnmeos</strong></span> <span class='ocrx_word' id='word_1_187' title='bbox 430 3211 534 3274; x_wconf 81' lang='lat' dir='ltr'><strong>muros</strong></span> <span class='ocrx_word' id='word_1_188' title='bbox 548 3225 676 3275; x_wconf 81' lang='lat' dir='ltr'><strong>transeat</strong></span> <span class='ocrx_word' id='word_1_189' title='bbox 691 3213 805 3292; x_wconf 89' lang='lat' dir='ltr'><strong>hostis,’</strong></span> <span class='ocrx_word' id='word_1_190' title='bbox 818 3215 868 3277; x_wconf 88' lang='lat' dir='ltr'><strong>ait.</strong></span> <span class='ocrx_word' id='word_1_191' title='bbox 1095 3295 1100 3298; x_wconf 15' lang='grc' dir='ltr'>ἱ</span> <span class='ocrx_word' id='word_1_192' title='bbox 1157 3220 1165 3231; x_wconf 95' lang='grc'>’</span> 
     </span>
     <span class='ocr_line' id='line_1_29' title="bbox 79 3288 984 3396; baseline -0.001 -21"><span class='ocrx_word' id='word_1_193' title='bbox 79 3314 81 3321; x_wconf 82' lang='lat'>&#39;</span> <span class='ocrx_word' id='word_1_194' title='bbox 110 3288 331 3391; x_wconf 49' lang='lat' dir='ltr'><strong>&#39;gshtttfflr</strong></span> <span class='ocrx_word' id='word_1_195' title='bbox 342 3309 515 3393; x_wconf 82' lang='lat' dir='ltr'><strong>exsequias.</strong></span> <span class='ocrx_word' id='word_1_196' title='bbox 538 3332 595 3375; x_wconf 87' lang='lat' dir='ltr'><strong>nee</strong></span> <span class='ocrx_word' id='word_1_197' title='bbox 606 3309 668 3396; x_wconf 84' lang='lat' dir='ltr'><strong>jam</strong></span> <span class='ocrx_word' id='word_1_198' title='bbox 684 3313 864 3396; x_wconf 88' lang='lat' dir='ltr'><strong>suspendere</strong></span> <span class='ocrx_word' id='word_1_199' title='bbox 880 3311 984 3375; x_wconf 79' lang='lat' dir='ltr'><strong>fletum</strong></span> 
     </span>
     <span class='ocr_line' id='line_1_30' title="bbox 193 3406 971 3494; baseline 0.004 -24"><span class='ocrx_word' id='word_1_200' title='bbox 193 3406 343 3493; x_wconf 63' lang='lat' dir='ltr'><strong>Sustinet·</strong></span> <span class='ocrx_word' id='word_1_201' title='bbox 334 3449 355 3485; x_wconf 86' lang='lat'><strong>,</strong></span> <span class='ocrx_word' id='word_1_202' title='bbox 365 3421 397 3470; x_wconf 85' lang='lat' dir='ltr'><strong>et</strong></span> <span class='ocrx_word' id='word_1_203' title='bbox 410 3408 506 3491; x_wconf 86' lang='lat' dir='ltr'><strong>pietas</strong></span> <span class='ocrx_word' id='word_1_204' title='bbox 520 3409 698 3472; x_wconf 87' lang='lat' dir='ltr'><strong>dissimulata</strong></span> <span class='ocrx_word' id='word_1_205' title='bbox 715 3425 806 3493; x_wconf 89' lang='lat' dir='ltr'><strong>patet.</strong></span> <span class='ocrx_word' id='word_1_206' title='bbox 968 3488 971 3494; x_wconf 26' lang='grc'><strong>,</strong></span> 
     </span>
     <span class='ocr_line' id='line_1_31' title="bbox 151 3489 1202 3595; baseline 0.005 -28"><span class='ocrx_word' id='word_1_207' title='bbox 151 3489 328 3595; x_wconf 78' lang='lat' dir='ltr'><strong>Osculaque</strong></span> <span class='ocrx_word' id='word_1_208' title='bbox 337 3504 478 3591; x_wconf 77' lang='lat' dir='ltr'><strong>applicuit</strong></span> <span class='ocrx_word' id='word_1_209' title='bbox 493 3506 588 3590; x_wconf 90' lang='lat' dir='ltr'><strong>posito</strong></span> <span class='ocrx_word' id='word_1_210' title='bbox 602 3529 740 3591; x_wconf 88' lang='lat' dir='ltr'><strong>suprema</strong></span> <span class='ocrx_word' id='word_1_211' title='bbox 755 3507 879 3570; x_wconf 80' lang='lat' dir='ltr'><strong>feretro.</strong></span> <span class='ocrx_word' id='word_1_212' title='bbox 1194 3568 1202 3583; x_wconf 84' lang='grc'><em>,</em></span> 
     </span>
     <span class='ocr_line' id='line_1_32' title="bbox 191 3601 1131 3690; baseline 0.003 -22"><span class='ocrx_word' id='word_1_213' title='bbox 191 3601 295 3689; x_wconf 75' lang='lat' dir='ltr'><strong>Atque</strong></span> <span class='ocrx_word' id='word_1_214' title='bbox 310 3603 368 3666; x_wconf 86' lang='lat' dir='ltr'><strong>ait.</strong></span> <span class='ocrx_word' id='word_1_215' title='bbox 390 3602 506 3668; x_wconf 73' lang='lat' dir='ltr'><strong>‘Invita</strong></span> <span class='ocrx_word' id='word_1_216' title='bbox 521 3602 609 3668; x_wconf 86' lang='lat' dir='ltr'><strong>frater</strong></span> <span class='ocrx_word' id='word_1_217' title='bbox 623 3605 772 3690; x_wconf 78' lang='lat' dir='ltr'><strong>adempte,</strong></span> <span class='ocrx_word' id='word_1_218' title='bbox 790 3603 877 3669; x_wconf 65' lang='lat' dir='ltr'><strong>vale’</strong></span> <span class='ocrx_word' id='word_1_219' title='bbox 1005 3655 1009 3662; x_wconf 85' lang='lat'><em>.</em></span> <span class='ocrx_word' id='word_1_220' title='bbox 1061 3604 1131 3671; x_wconf 76' lang='lat'><strong>120</strong></span> 
     </span>
    </p>
   </div>
   <div class='ocr_carea' id='block_1_6' title="bbox 333 3752 348 3780">
    <p class='ocr_par' dir='ltr' id='par_1_16' title="bbox 333 3752 348 3780">
     <span class='ocr_line' id='line_1_33' title="bbox 333 3752 348 3780; baseline 0 0"><span class='ocrx_word' id='word_1_221' title='bbox 333 3752 348 3780; x_wconf 73' lang='lat'><em>0</em></span> 
     </span>
    </p>
   </div>
   <div class='ocr_carea' id='block_1_7' title="bbox 0 0 1272 4252">
    <p class='ocr_par' dir='ltr' id='par_1_17' title="bbox 0 0 1272 4252">
     <span class='ocr_line' id='line_1_34' title="bbox 0 0 1272 4252; baseline 0 0"><span class='ocrx_word' id='word_1_222' title='bbox 0 0 1272 4252; x_wconf 95' lang='lat' dir='ltr'><strong> </strong></span> 
     </span>
    </p>
   </div>
  </div>
 </body>
</html>
