2536 4252
468 393 641 444 urrsroua
665 394 740 444 xur.
934 376 936 380 ‘
1043 392 1102 454 167

445 602 665 667 EPISTULA
692 603 782 668 XIII.

415 797 579 838 Laonanrta
602 797 812 840 PROTESILAO·

124 941 263 1021 Mirrrr,
278 957 310 1007 et
322 955 404 1028 optat
420 967 531 1023 amans,
547 948 607 1031 qud
621 947 754 1026 mittitur,
769 949 821 1025 ire,
836 949 972 1028 salutem,

166 1041 305 1105 AEmonis
319 1042 461 1106 AEmonio
477 1044 642 1107 Laodamia
657 1046 729 1108 vito.

124 1139 234 1201 Aulide
249 1154 280 1202 te
296 1138 374 1205 sama
388 1155 433 1203 est
448 1157 538 1204 vento
552 1144 695 1206 retinente
710 1144 827 1205 morari.

167 1236 237 1299 Ab!
260 1258 309 1299 me
324 1238 393 1300 clun
409 1238 534 1321 sugeres,
550 1241 598 1302 bic
611 1240 662 1303 ubi
678 1257 783 1304 ventus
798 1243 881 1304 erat?
949 1315 950 1318 Ἴ

123 1333 205 1396 Tum
221 1334 294 1398 freta
308 1336 469 1400 debuerant
485 1339 587 1400 vestris
601 1338 742 1400 obsistere
757 1339 855 1402 remis.

144 1424 150 1433 ⁴
168 1431 244 1523 Illud
260 1447 322 1496 erat
337 1436 420 1497 saevis
436 1436 506 1498 utile
521 1449 638 1520 tempus
653 1437 744 1520 aquis.

124 1531 237 1593 Oscula
252 1532 336 1615 plura
352 1534 423 1611 viro,
439 1533 635 1618 mandataque
652 1535 736 1618 plura
751 1533 916 1598 dedissem:

167 1628 209 1692 Et
223 1642 291 1691 sunt
306 1652 370 1714 quae
386 1632 465 1694 volui
480 1632 578 1707 dicere
593 1633 677 1716 plura
696 1633 758 1695 tibi.

124 1724 242 1809 Raptus
257 1749 289 1790 es
304 1729 373 1790 binc
388 1751 536 1814 praeceps:
560 1744 600 1808 et,
616 1731 665 1815 qui
681 1745 732 1793 tua
747 1730 814 1793 vela
829 1744 959 1808 vocaret,

159 1823 270 1898 Quem
284 1840 428 1909 cuperent
442 1841 548 1904 nautae,
563 1849 621 1890 non
636 1849 703 1910 ego,
721 1841 824 1890 ventus
839 1841 911 1891 erat.
1061 1832 1100 1893 lo

126 1920 242 1985 Ventus
257 1938 319 1986 erat
332 1925 427 1987 nautis
442 1938 538 2008 aptus,
553 1947 612 1988 non
630 1939 716 2009 aptus
731 1925 850 1989 amanti.

99 2051 103 2059 ·
167 2020 273 2084 Solvor
281 2021 324 2105 ‚ab
338 2022 490 2107 amplexu,
506 2010 680 2100 ProtesilaE,
694 2036 767 2101 tno;
804 2040 810 2078 ὲ

125 2118 300 2203 Linguaque
316 2120 480 2182 mandantis
496 2120 583 2183 verba
599 2119 773 2203 imperfecta
785 2120 941 2204 relinquit3

169 2215 231 2279 Vix
246 2217 315 2280 illud
332 2217 427 2301 potuit
442 2217 540 2279 dicere
555 2217 636 2279 triste
651 2214 771 2279 ‘Vale'

124 2312 261 2377 Incubuit
274 2313 398 2391 Boreas,
414 2301 594 2398 abreptaque
611 2314 677 2377 vela
691 2314 834 2392 tetendit;
1059 2318 1099 2381 15

164 2409 294 2496 Jamque
309 2433 394 2473 meus
409 2412 496 2492 longe
511 2411 690 2474 Protesilaus
704 2426 777 2474 erat.
909 2422 915 2433 ’

123 2507 207 2570 Dum
222 2510 305 2592 potui
320 2522 455 2590 spectare
471 2509 575 2585 virum,
590 2521 724 2592 spectare
734 2507 875 2594 juvabat:

166 2604 300 2689 Sumque
315 2619 381 2668 tuos
395 2605 496 2668 oculos
511 2626 604 2690 usque
619 2619 721 2669 secuta
735 2605 819 2669 meis.

123 2701 167 2764 Ut
182 2716 211 2764 te
227 2725 285 2765 non
300 2716 444 2787 poteram,
460 2717 592 2787 poteram
607 2715 658 2766 tua
673 2704 740 2768 vela
755 2702 871 2767 videre:

167 2798 244 2864 Vela
260 2801 309 2864 diu
325 2802 423 2865 vultus
437 2801 590 2864 detinuere
604 2823 698 2865 meos.
1055 2803 1098 2866 20
1185 2807 1186 2812 ’

10 2893 13 2901 “
122 2898 166 2961 Αῑ
182 2913 338 2984 postquam
352 2922 409 2963 nec
423 2914 463 2976 te,
478 2920 535 2962 nee
552 2899 617 2962 vela
631 2898 745 2981 fugacia
761 2897 821 2981 vidi
830 2919 839 2975 ;
945 2966 949 2971 ,

165 2997 206 3060 Εῑ
222 2997 300 3082 quod
316 3011 493 3081 spectarem,
507 2996 559 3073 nil,
574 2996 629 3061 nisi
643 3010 762 3080 pontus,
778 3009 841 3060 erat
850 3017 859 3074 ;

122 3094 193 3158 Lux
210 3117 327 3180 quoque
342 3109 442 3158 tecum
457 3094 544 3171 abiit3
567 3094 693 3157 tenebris
710 3094 868 3176 exsanguis
882 3093 991 3158 obortis

165 3193 315 3257 Succiduo
329 3194 410 3256 dicor
424 3193 615 3276 procubuisse
629 3215 719 3275 genu.

127 3289 186 3354 Vix
200 3313 284 3354 socer
298 3289 440 3374 Iphiclus,
456 3291 507 3352 vix
521 3312 570 3351 me
585 3289 756 3371 grandevus
774 3289 912 3367 Acastus,
1055 3289 1097 3352 25

166 3387 228 3451 Vix
243 3403 337 3451 mater
351 3387 450 3470 gelidai
463 3401 568 3450 moesta
583 3385 686 3450 refecit
700 3387 788 3471 aquai.

58 3558 63 3566 Ι
122 3483 262 3548 Officium
278 3485 376 3549 secere
391 3486 483 3569 pium,
499 3485 552 3547 sed
567 3485 667 3548 inutile
681 3484 776 3548 nobis.

164 3581 304 3665 Indignor
317 3584 429 3646 misere
443 3606 501 3646 noo
518 3583 633 3646 licuisse
648 3582 733 3646 mori.
