2536 4252
499 411 675 462 EPISTOLA
697 411 773 462 xm.

145 557 202 623 His
218 580 275 642 ego
290 571 320 621 te
336 558 456 636 victam,
470 579 590 621 consors
605 556 717 620 Ledaea
731 555 877 638 gemellis,
909 625 913 631 ,

188 658 347 741 Suspicor:
372 658 435 719 bac
452 656 566 719 Danais
581 677 668 740 posse
683 676 792 741 nocere
807 669 892 739 puto.

146 756 277 820 Hectora
292 757 393 819 neseio
409 778 497 840 quern
514 756 615 818 timeo.
661 753 746 817 Paris
766 752 899 817 Hectora
914 754 989 819 dixit

186 855 298 918 Ferrea
313 854 475 937 sanguinei
487 853 567 917 bella
580 874 702 917 movere
717 875 818 915 manu.

145 953 287 1035 Hectora,
303 953 433 1038 quisquis
447 952 472 1015 is
486 966 542 1030 est,
556 951 581 1014 si
595 973 661 1014 snrn
676 951 729 1014 tibi
744 973 822 1029 cara,
837 953 954 1017 caveto.

187 1052 342 1135 Signatum
358 1050 481 1113 memori
496 1063 618 1135 pectore
633 1070 744 1113 nornen
759 1049 848 1112 habe.

145 1149 237 1213 Hunc
253 1151 302 1213 ubi
317 1148 427 1227 vitaris,
442 1149 515 1212 alios
531 1149 623 1211 vitare
638 1162 811 1211 memento:

188 1248 231 1312 Et
246 1248 354 1311 multos
370 1247 429 1310 illic
446 1245 593 1310 Hectoras
608 1267 674 1309 esse
689 1260 772 1330 puta.

145 1345 188 1409 Et
202 1345 290 1410 facito
305 1346 396 1423 dicas,
413 1345 528 1429 quoties
543 1366 675 1430 pugnare
690 1344 816 1429 parabis,

188 1444 335 1507 ‘Parcere
351 1466 399 1506 me
411 1443 504 1528 jussit
513 1442 677 1507 Laodamia
691 1442 768 1505 sibi'

146 1543 178 1607 Si
194 1545 301 1607 cadere
319 1543 460 1626 Argolico
476 1540 518 1604 sas
533 1556 579 1605 est
593 1541 648 1604 sub
662 1540 755 1604 milite
770 1539 914 1626 Trojam3

187 1642 236 1705 Te
253 1663 371 1727 quoque
387 1664 445 1704 non
461 1642 556 1706 ullum
572 1641 678 1704 vulnus
694 1641 821 1703 habente
836 1639 934 1703 eadat.

146 1741 277 1823 Pugnet,
292 1755 323 1804 et
338 1741 476 1805 adversos
491 1741 593 1804 tendat
608 1737 768 1802 Menelaos
782 1739 812 1801 in
828 1739 949 1802 hostes:

189 1838 233 1902 Ut
246 1839 340 1924 rapiat
355 1839 478 1918 Peridit,
494 1861 582 1923 quam
598 1837 682 1901 Paris
697 1838 766 1900 ante
781 1837 846 1900 sibi.
946 1905 949 1910 ,

147 1936 260 2014 Irruat;
283 1952 315 2001 et
329 1938 420 2002 causa
435 1959 525 2022 quem
540 1937 641 2014 vineit,
658 1936 756 2000 vincat
770 1950 801 1999 et
815 1934 915 1998 armis.

189 2036 333 2101 Hostibus
348 2058 365 2100 e
381 2036 485 2099 mediis
500 2049 593 2120 nupta
605 2035 739 2119 petenda
754 2023 817 2097 viro
832 2048 888 2097 est.

148 2134 248 2197 Causa
262 2149 313 2199 tua
327 2149 371 2198 est
388 2135 496 2218 dispar.
540 2133 590 2197 Tu
607 2132 721 2195 tantiam
737 2133 837 2194 vivere
852 2152 965 2216 pugna,

190 2224 287 2318 Inque
303 2233 368 2316 pios
383 2233 508 2296 domine
523 2253 611 2316 posse
626 2231 721 2293 redire
738 2230 829 2292 sinus.

149 2330 277 2409 Parcite,
293 2330 482 2407 Dardanide,
498 2330 536 2394 de
551 2344 595 2394 tot
612 2326 746 2415 (precor)
763 2327 896 2391 hostibus
910 2327 980 2391 uni:

190 2429 239 2493 Ne
255 2451 340 2491 meus
355 2451 395 2491 ex
410 2429 460 2491 illo
474 2450 597 2511 corpore
613 2427 730 2509 sanguis
745 2439 805 2489 eat.
931 2432 936 2441 '

147 2528 239 2593 Nunc
254 2527 365 2604 late0r3
387 2525 467 2589 volui
481 2545 640 2600 revocare3
663 2525 837 2608 animusque
852 2521 966 2587 serebat
975 2544 984 2602 ;

192 2624 329 2687 Substitit
344 2623 465 2707 auspicii
480 2622 580 2705 lingua
594 2620 698 2684 timore
714 2621 795 2684 mali.
934 2685 940 2696 ‚

148 2723 232 2788 Cion
247 2721 357 2785 foribus
371 2721 465 2785 velles
480 2720 517 2782 ad
532 2717 656 2803 Trojam
671 2719 753 2781 exire
768 2721 909 2803 paternis,
965 2738 968 2744 ’

192 2820 253 2883 Pes
271 2836 338 2883 tuus
353 2819 466 2883 offenso
480 2817 582 2882 limine
597 2817 681 2899 signa
696 2816 788 2879 dedit.

149 2920 194 2983 Ut
210 2920 280 2996 ridi,
296 2932 329 2982 ut
342 2917 459 3002 gernui3
481 2917 630 3001 tacitoque
646 2915 676 2979 in
691 2927 812 2999 pectore
827 2914 906 2979 dixi:

193 3019 303 3101 ‘Signa
319 3017 463 3080 reversuri
471 3016 545 3093 -sint,
561 3036 676 3099 precor,
690 3013 746 3076 ista
760 3012 835 3076 viri?

152 3115 226 3180 Haee
240 3116 292 3180 tibi
306 3137 386 3178 nunc
400 3115 506 3193 refero,
521 3136 559 3177 ne
574 3114 613 3177 sis
629 3112 777 3176 animosus
793 3111 822 3175 in
837 3113 941 3176 annis:

193 3214 258 3277 Fae
272 3235 357 3277 meus
372 3214 402 3277 in
419 3226 523 3276 ventos
539 3213 588 3275 bic
602 3213 690 3275 timor
703 3212 800 3274 omnis
815 3224 874 3274 eat.

152 3311 222 3376 Sors
238 3333 356 3396 quoque
371 3310 472 3373 neseio
487 3330 577 3393 quern
593 3308 654 3372 sato
668 3308 803 3392 designat
817 3310 928 3393 iniquo,

195 3409 259 3483 Qui
275 3410 385 3494 primus
400 3407 540 3470 Danebur
554 3406 676 3470 Troada
690 3421 790 3490 tangat
804 3408 940 3470 humum.

154 3507 273 3585 infelix,
289 3529 352 3593 qua
368 3506 462 3591 prima
477 3504 577 3596 virurn
587 3505 699 3588 lugebit
711 3503 902 3588 ademptum!

195 3606 239 3669 Di
253 3605 371 3683 saciant,
386 3626 424 3668 ne
440 3618 472 3668 tu
487 3617 623 3668 strenuus
637 3625 704 3667 esse
719 3602 812 3667 velis!

458 3704 498 3764 15
