2536 4252
142 421 186 481 30
453 424 802 476 ΜΕΤΑΜΟΒΡΗΟΙΕΟΝ

143 575 296 660 Quodque
311 598 365 639 suo
378 575 481 658 Tagus
496 598 582 638 amne
597 575 690 652 vehit,
706 575 770 638 fluit
785 575 910 658 ignibus,
925 599 1039 643 aurum.
1055 581 1124 645 250

144 673 195 750 Et,
211 697 275 758 que
289 673 431 739 lllaeonias
445 674 627 736 celebrarant
641 673 770 736 carmine
785 675 873 758 ripas,

59 830 62 836 ,
144 771 307 834 Fluminere
323 772 456 833 volucres
471 772 569 834 medio
583 772 701 834 caluere
719 770 859 855 Caystro.

144 868 230 931 Nilus
245 869 274 930 in
289 883 455 931 extremum
471 868 542 950 sugit
556 870 724 952 perterritus
738 871 851 947 orbem,

143 966 342 1050 Occuluitque
359 981 459 1050 caput,
475 968 553 1050 quod
569 967 665 1029 adhuc
680 967 761 1056 latet.
806 967 893 1031 Ostia
907 982 1024 1052 septem

144 1063 355 1126 Pulverulenta
370 1079 485 1140 vacant,
500 1080 616 1147 septem
630 1065 693 1126 sine
710 1065 829 1127 flumine
845 1066 947 1129 valles.
1057 1071 1124 1132 255

143 1160 219 1223 Fors
235 1162 339 1224 eadem
355 1161 492 1224 Ismarios
507 1161 641 1224 Hebmm
656 1184 724 1224 cum
740 1162 900 1247 Strymone
915 1165 1015 1242 siccat,

144 1258 364 1344 Hesperiosque
376 1282 487 1336 amnes,
500 1256 653 1336 Rhenum,
665 1259 918 1344 Rhodanumque,
930 1260 1126 1346 Padumque,

143 1356 262 1442 Cuique
278 1357 330 1420 suit
345 1379 441 1420 rerum
458 1358 598 1441 promissa
614 1357 755 1440 potentia,
771 1357 918 1441 Thybrin.

143 1454 257 1518 Dissilit
272 1477 359 1517 omne
375 1457 489 1531 solum;
511 1469 704 1538 penetratque
719 1455 748 1517 in
764 1455 886 1518 Tartara
902 1455 981 1518 rimis

143 1552 273 1628 Lumen,
290 1568 320 1614 et
335 1552 478 1614 insernuor
493 1567 582 1614 terret
596 1574 665 1614 cum
680 1552 806 1637 conjuge
821 1574 934 1634 regem.
1058 1554 1127 1616 260

145 1648 184 1711 Et
199 1671 280 1712 mare
295 1649 492 1712 contrahitur:
516 1651 657 1733 siccaque
673 1664 718 1712 est
731 1672 853 1734 campus
869 1671 974 1727 arenae,

145 1746 247 1821 Quod
253 1747 343 1809 modo
359 1761 465 1830 pontus
480 1760 553 1810 erat
598 1746 744 1831 Quosque
760 1748 851 1810 altum
866 1760 983 1811 texerat
998 1768 1111 1833 equor,

144 1844 300 1907 Exsistunt
315 1860 444 1955 montes,
456 1859 486 1907 et
500 1867 674 1929 sparsas)
630 1843 674 1928 C,
673 1845 779 1908 cladas
794 1859 913 1927 augent.

145 1941 209 2005 lma
223 1957 328 2027 petunt
344 1917 455 2027 pisces:
480 1965 534 2006 nec
549 1965 581 2005 se
596 1964 685 2025 super
699 1963 819 2026 aequora
832 1942 914 2005 curvi

145 2041 265 2104 Tollere
280 2055 434 2104 consuetas
450 2042 559 2104 audent
573 2040 750 2124 delphines
743 2062 772 2102 m
789 2062 884 2103 auras.
1058 2041 1126 2105 265

146 2138 280 2222 Corpora
296 2139 454 2224 phocarum
471 2161 586 2202 summo
601 2139 738 2222 resupina
753 2138 898 2221 profundo

149 2236 447 2322 Exanimatajacent.
491 2237 593 2321 lpsum
610 2257 727 2319 quoque
744 2234 843 2298 Nerea
858 2235 935 2298 sama
948 2249 1005 2313 est,

150 2334 329 2418 Doridaque,
344 2350 374 2397 et
389 2352 481 2412 natas,
497 2335 602 2418 tepidis
617 2334 735 2422 latuisse
751 2334 806 2396 sub
821 2333 919 2396 antris.

146 2432 209 2495 Ter
223 2432 381 2517 Neptunus
396 2434 478 2518 aquis
489 2455 561 2495 vcum
577 2446 660 2495 torvo
675 2431 794 2495 bmchia
810 2433 891 2495 vultu

146 2529 294 2594 Exserere
309 2554 397 2593 ausus
411 2547 490 2594 erat:
514 2545 558 2594 ter
572 2553 631 2592 nou
647 2531 711 2593 tulit
727 2530 801 2592 ai'ris
817 2544 913 2591 aestus.
1058 2531 1124 2594 270

190 2630 280 2690 Alma
294 2644 392 2691 tamen
407 2628 523 2704 Tellus,
538 2644 569 2690 ut
585 2642 647 2690 erat
662 2628 843 2690 circumdata
857 2640 959 2710 ponto,

148 2727 227 2789 lnter
241 2749 330 2810 aquas
347 2726 454 2809 pelagi,
468 2740 632 2787 contractos
647 2726 776 2810 undique
793 2724 898 2803 sontes,

147 2823 210 2897 Qui
224 2846 256 2886 se
271 2823 461 2886 condiderant
477 2823 504 2883 in
520 2844 619 2905 opacae
636 2823 747 2885 viscera
763 2823 861 2886 matris
870 2845 878 2899 ;

147 2922 271 2984 Sustulit
286 2919 444 2983 omniscros
458 2920 535 2981 collo
550 2934 635 2982 tenus
650 2920 729 2982 arida
744 2921 858 2982 vultus:

147 3019 357 3103 Opposuitque
373 3040 491 3079 manum
507 3016 608 3080 fronti:
640 3040 807 3101 magnoque
823 3033 950 3080 tremore
1057 3019 1141 3081 275.

147 3117 256 3179 Omnia
272 3117 443 3178 concutiens
458 3116 577 3198 paullrn
592 3117 739 3192 subsedit;
762 3130 793 3178 et
808 3116 891 3193 inhia,

148 3214 252 3289 Quam
267 3213 342 3275 solet
357 3233 432 3288 esse,
448 3212 517 3275 suit:
540 3214 677 3298 siccique
692 3215 731 3276 ita
748 3236 820 3278 voce
836 3215 934 3276 locuta
948 3227 1011 3275 est:

149 3313 199 3375 ‘Si
216 3312 315 3395 placet
330 3310 397 3387 hoc,
413 3312 574 3395 meruique,
590 3314 658 3397 quid
675 3335 693 3375 ο
708 3329 758 3395 tua
774 3312 896 3375 fulmina
910 3324 1037 3387 cessant,

148 3411 272 3473 Summe
288 3409 398 3471 deum?
422 3408 525 3471 Liceat
539 3412 672 3495 periturae
689 3413 795 3474 viribus
811 3410 896 3492 ignis,

150 3507 222 3592 lgne
238 3509 332 3592 perire
347 3521 399 3571 tuo
408 3529 417 3585 ;
438 3507 612 3594 clademque
628 3523 747 3572 auctore
763 3510 874 3571 levare.
1060 3507 1126 3571 280

106 3657 109 3663 .
153 3605 214 3673 Vix
228 3606 367 3693 equidem
381 3605 480 3671 fauces
494 3607 558 3672 hec
573 3608 636 3692 ipsa
649 3608 679 3671 in
694 3606 784 3670 verba
797 3603 934 3695 resolv0,'
