2536 4252
147 399 209 460 160
300 443 308 459 ,
448 408 449 412 ’
545 402 736 451 HEROIDES.

145 555 230 619 Pone
246 555 328 633 deos,
344 567 374 617 et
389 576 453 639 quae
468 553 616 635 tangendo
630 574 713 614 sacra
727 550 880 635 profanas:

186 653 258 717 Non
272 654 349 715 bene
363 653 501 715 coelestes
516 650 607 734 impia
621 649 725 712 dextra
739 649 819 712 colit.
911 707 914 714 .

116 757 118 760 ’
144 752 178 818 Si
192 767 224 816 tu
238 752 334 815 cultor
347 771 412 813 eras
428 749 534 833 elapsis
549 748 615 831 igne
631 746 763 840 futurus3

186 849 319 913 Poenitet
334 849 450 932 elapsos
465 846 579 929 ignibus
595 867 660 909 esse
675 847 755 908 deos.

144 947 205 1010 Sed
216 939 303 1031 jubet
317 947 359 1009 ire
375 946 459 1009 deus.
505 943 625 1007 Vellem
641 943 782 1007 vetuisset
796 943 895 1021 adire3

187 1045 302 1108 Punica
316 1067 372 1108 nec
387 1043 512 1106 Teucris
527 1065 627 1126 pressa
642 1042 742 1105 suisset
758 1041 877 1105 humus.

144 1141 213 1206 Hoc
228 1142 304 1205 duce
322 1140 446 1228 (nempe
461 1140 546 1227 Deo)
565 1141 659 1202 ventis
674 1141 789 1223 agitaris
804 1140 920 1226 iniquis,

78 1277 84 1282 ·
188 1239 229 1303 Et
243 1241 313 1303 teris
327 1240 356 1303 in
370 1240 472 1324 rapido
487 1252 620 1322 tempora
633 1239 721 1321 longa
736 1238 821 1326 srbto.

145 1337 292 1421 Pergama
307 1338 358 1401 vix
372 1351 453 1401 tanto
467 1337 519 1400 tibi
534 1351 617 1399 crant
630 1337 793 1421 repetenda
805 1337 916 1415 labore,
933 1347 934 1350 ’

187 1434 320 1500 Hectore
335 1437 358 1499 si
374 1437 452 1514 vivo,
468 1449 578 1520 quanta
592 1434 686 1513 fuere,
701 1434 806 1498 forent.

145 1531 215 1597 Non
230 1536 357 1619 patrium
372 1535 524 1597 Simoenta
539 1533 633 1617 petis3
656 1533 710 1596 sed
723 1522 862 1596 Tibridas
876 1532 981 1596 undas.

188 1630 319 1716 Nempe,
334 1645 367 1694 ut
382 1630 537 1715 pervenias
552 1631 612 1716 qub
625 1631 720 1715 cupis,
736 1632 845 1715 hospes
859 1630 927 1694 en's.

56 1784 60 1800 ‚
144 1729 248 1814 thue
262 1729 344 1808 latet,
361 1728 489 1814 vitatque
503 1742 570 1792 tuas
585 1730 721 1792 abstruse
730 1729 855 1808 carinas,

188 1826 250 1891 Vix
265 1827 317 1891 tibi
331 1827 482 1910 continget
496 1841 573 1891 terra
587 1827 680 1912 petita
694 1827 768 1891 seni.

144 1923 211 1988 Hos
226 1925 322 2009 potitis
338 1924 464 2009 populos
478 1925 508 1988 in
523 1925 634 2004 dotem,
649 1925 773 2008 ambage
787 1925 921 2005 remissit,

186 2022 321 2110 Accipe3
343 2035 373 2085 et
388 2023 526 2086 advectas
541 2021 744 2107 Pygmalionis
758 2045 841 2109 opes.

144 2118 217 2184 Ilion
232 2120 262 2184 in
276 2119 400 2205 Tyrium
416 2118 539 2185 transfer
553 2118 665 2185 feticius
679 2121 802 2186 urbem:

186 2217 344 2304 flauoque,
359 2218 458 2297 locum
471 2218 564 2301 regni,
578 2233 755 2305 sceptraque
769 2240 851 2284 sacra
864 2233 945 2284 tene.

144 2316 177 2380 Si
192 2316 244 2380 tibi
259 2338 343 2379 mens
358 2315 445 2380 avida
459 2329 506 2379 est
518 2315 600 2394 belli,
614 2317 639 2379 si
654 2317 757 2401 querit
770 2316 852 2380 lidus

186 2413 276 2478 Unde
291 2436 345 2478 suo
359 2428 459 2500 partus
474 2412 572 2478 Marte
588 2414 753 2500 triumphus
768 2427 834 2492 eat3

144 2510 247 2587 Quem
262 2527 393 2597 superet,
408 2535 445 2576 ne
461 2512 531 2599 quid
547 2513 633 2595 desit,
647 2513 841 2598 praebebimus
855 2513 983 2579 bostem.
1033 2578 1035 2581 .

186 2609 246 2674 Hic
261 2611 341 2695 pacis
356 2612 448 2694 leges,
463 2612 511 2674 hic
525 2612 608 2674 locus
623 2632 705 2675 arma
717 2611 808 2697 capit.
938 2683 940 2687 ,

142 2707 193 2771 Tu
208 2708 309 2786 modo,
324 2728 379 2792 per
393 2722 529 2787 matrem,
545 2708 730 2794 sratemaque
744 2710 814 2788 tela,
828 2710 960 2794 sagittas,

185 2805 305 2891 Perque
321 2805 396 2889 fugae
411 2807 544 2889 comites,
559 2806 701 2870 Dardana
715 2828 807 2885 sacra,
822 2807 912 2872 deos:

146 2902 211 2989 (Sic
225 2918 377 2988 superent,
392 2926 583 2990 quoscunque
598 2903 650 2968 tuai
664 2905 703 2968 de
717 2918 806 2988 gente
821 2919 964 2990 reportas,

185 2999 268 3063 Mars
284 2999 360 3064 serus
376 3016 407 3064 et
422 3002 534 3066 damnis
549 3004 586 3067 sit
601 3005 705 3067 modus
721 3004 770 3067 ille
785 3004 853 3084 tuis,

145 3098 348 3183 Ascaniusque
363 3120 433 3162 suos
448 3098 571 3163 feliciter
585 3101 707 3184 impleat
717 3122 820 3180 annos,

187 3195 228 3259 Et
243 3196 320 3260 senis
336 3196 476 3259 Anchise
491 3196 617 3260 molliter
630 3219 697 3260 ossa
711 3197 836 3289 cubent)

145 3293 239 3357 Parce
255 3316 360 3379 precor
373 3294 485 3372 domui,
501 3316 613 3379 quaese
628 3295 680 3359 tibi
695 3297 780 3361 tradit
795 3297 973 3388 habendam.

143 3447 148 3455 .
187 3392 280 3467 Quod
294 3393 406 3456 crimen
421 3392 503 3471 dicis,
518 3408 627 3478 preter,
641 3395 767 3474 amasse,
784 3399 907 3460 meum?

147 3485 285 3573 Non'ego
299 3513 365 3554 surn
380 3490 517 3569 Phthias,
532 3493 703 3578 magnisque
718 3494 840 3557 oriunda
853 3493 1012 3579 Mycenis·
1026 3573 1030 3581 Ι

186 3587 254 3653 Neo
268 3603 412 3654 steterunt
426 3591 456 3654 in
470 3604 499 3654 te
515 3590 617 3674 virque
632 3605 774 3677 paterque
788 3613 885 3656 meus.
