2536 4252
551 396 658 453 LIBER
674 403 705 451 V.

142 551 282 633 Gorgone
297 553 341 615 bis
355 567 477 615 centurn
491 554 641 636 riguerunt
654 574 779 636 corpora
793 549 868 616 visd.

185 649 317 713 Poenitet
332 649 429 735 injusti
444 672 523 712 nunc
538 650 666 735 denique
681 650 798 738 Phinea
811 651 893 714 belli.

143 747 204 810 Sed
219 746 288 833 quid
304 751 391 830 agat?
414 747 576 811 Simulacra
592 749 672 811 videt
687 749 802 812 diversa
815 749 914 832 figuris
923 770 932 828 3

99 923 103 929 .
143 846 346 930 Agnoscitque
361 867 446 909 suos:
469 860 502 909 et
514 846 634 909 nomine
646 868 794 931 quemque
806 861 926 910 vocatos
1057 849 1119 912 155

143 942 246 1007 Poscit
259 965 365 1028 opem:
388 943 570 1028 credensque
586 966 701 1028 pamm,
716 944 770 1008 sibi
785 945 919 1029 proxima
932 945 1025 1028 tangit

143 1040 295 1125 Corpora:
318 1063 445 1105 marmor
459 1056 551 1104 erant.
585 1030 766 1121 ‘Avertitur3
789 1056 877 1127 atque
891 1044 932 1106 ita
945 1045 1087 1128 supplex,

143 1139 362 1224 Confessasque
376 1162 490 1218 manus,
506 1140 683 1225 obliquaque
697 1142 817 1230 brachia
830 1141 965 1219 tendens,
1037 1221 1041 1228 ι

143 1237 287 1316 ‘Vincis,'
304 1240 354 1316 ait,
369 1239 518 1309 ‘Persem
542 1261 663 1301 remove
678 1238 740 1301 sera
754 1253 901 1315 monstra3
923 1253 1039 1322 tuaque

143 1335 288 1400 Saxificos
303 1337 411 1414 vultus,
427 1357 620 1420 quecumque
636 1357 681 1413 ea,
697 1337 766 1398 tolle
782 1334 927 1414 Medusae.
1059 1338 1118 1399 160
1155 1405 1159 1415 ,

142 1433 242 1512 Tolle,
258 1456 372 1518 precor.
418 1433 487 1496 Non
502 1456 554 1496 nos
569 1434 681 1510 odium,
695 1433 815 1515 regnive
830 1433 939 1517 cupido

143 1532 299 1615 Compulit
314 1532 350 1594 ad
365 1531 493 1594 bellum:
518 1553 571 1615 pro
585 1532 712 1616 conjuge
728 1532 873 1594 movimus
888 1553 978 1596 arma.

143 1630 245 1694 Causa
259 1629 313 1692 suit
327 1630 437 1692 meritis
452 1629 555 1692 melior
568 1644 630 1707 tua,
645 1644 779 1714 tempore
795 1645 904 1693 nostra.

143 1727 212 1790 Non
227 1729 349 1791 cessisse
366 1728 456 1812 piget.
501 1727 594 1805 Nihil,
609 1750 628 1790 ο
643 1726 807 1805 fortissime,
823 1743 934 1811 preter·

143 1823 232 1889 Hanc
247 1827 374 1890 animam
387 1824 520 1914 coricede
535 1826 625 1890 mihi:
648 1840 699 1888 tua
713 1840 819 1889 cetera
833 1824 941 1890 sunto!
1057 1827 1117 1888 165

142 1923 230 1987 Talia
245 1925 363 2002 dicenti,
378 1946 476 2009 neque
490 1947 571 2002 eum,
585 1945 676 2008 quem
692 1926 765 1987 voce
781 1925 911 2007 rogabat,

143 2021 307 2106 Respicere
323 2023 452 2101 audenti,
468 2022 601 2101 ‘Quod'
619 2024 668 2100 ait,
684 2022 884 2085 ‘timidissime
903 2023 1032 2100 Phineu,

144 2119 185 2183 Et
200 2121 319 2204 possum
333 2122 477 2198 tribuisse,
493 2135 522 2183 et
538 2143 676 2204 magnum
693 2143 798 2182 munus
813 2121 897 2184 inerti
911 2135 968 2200 est,
1027 2174 1033 2184 .

146 2217 246 2304 (Pone
261 2218 389 2304 metum)
406 2219 549 2282 tribuam:
572 2220 652 2281 nullo
667 2219 815 2281 violabere
830 2217 916 2283 ferro.

144 2315 228 2390 Quin
243 2318 332 2382 etiarn
347 2340 483 2380 mansura
498 2319 574 2381 dabo
589 2331 780 2381 monumenta
794 2339 849 2401 per
863 2309 976 2397 avum3
1057 2322 1119 2382 170

144 2412 238 2500 lnque
254 2416 343 2479 domo
358 2417 451 2478 soceri
467 2438 586 2498 semper
600 2416 771 2498 spectabere
787 2417 894 2478 nostri·

60 2546 66 2554 ··
136 2510 187 2576 ·Ut
202 2535 269 2577 mea
283 2536 315 2576 se
329 2515 428 2597 sponsi
444 2515 554 2576 soletur
568 2513 693 2594 imagine
709 2512 842 2597 conjux!

146 2604 249 2675 Dixit:
273 2612 346 2674 etin
361 2625 475 2696 partem
492 2610 681 2693 Phorcynida
695 2609 841 2688 transtulit
857 2609 948 2689 illam,

144 2709 194 2771 Ad
210 2731 298 2793 quam
312 2732 344 2772 se
359 2708 475 2793 trepido
489 2708 622 2772 Phineus
637 2707 803 2772 obverterat
817 2730 880 2772 ore.

143 2805 359 2892 Tumquoque
373 2807 490 2892 conanti
505 2799 558 2870 sua
571 2806 692 2870 flectere
707 2807 818 2870 lumina
831 2806 935 2872 cervix
1057 2809 1117 2872 175

145 2903 283 2987 Diriguit,
298 2909 431 2990 saxo'que
445 2906 598 2968 oculorum
612 2903 741 2967 induruit
755 2905 872 2968 humor.

145 3002 206 3065 Sed
220 3017 319 3065 tamen
334 3025 367 3066 os
382 3002 527 3080 timidum,
543 3003 700 3086 vultusque
714 3002 744 3066 in
759 3008 904 3067 marmore
918 3003 1057 3088 supplex,
1105 3014 1110 3027 “

145 3099 359 3187 Submissaeque
374 3121 489 3184 manus,
504 3099 652 3186 faciesque
666 3101 795 3165 obnoxia
808 3102 926 3166 mansit.
