2536 4252
163 371 225 430 154
548 380 732 428 HEROIDES

158 530 261 614 Atque
276 528 380 614 aliquis
394 528 491 614 positi
504 542 644 592 monstrat
660 527 720 592 lera
736 529 835 612 prelia
848 529 973 610 mensia;

181 670 183 674 -
202 626 303 710 Pingit
317 642 348 690 et
363 629 472 710 exiguo
487 627 635 709 Pergama
646 640 711 689 tota
724 649 817 691 mero.

160 723 246 788 ‘Hac
261 726 321 789 ibat
336 726 455 802 Simois,
470 724 519 787 hic
534 738 579 788 est
594 725 694 807 Sigeia
709 725 815 802 tellus3

202 821 262 886 Hic
278 836 398 885 steterat
413 823 523 886 Priami
536 822 617 904 regia
630 823 710 885 celsa
723 823 812 885 senis.
920 894 923 898 ,

158 918 225 983 lllic
239 918 390 998 AEacides‚
406 920 464 984 illic
479 919 620 984 tendebat
635 918 778 1003 Ulysses:

116 1024 122 1029 “
203 1016 263 1081 Ηίο
277 1019 357 1081 lacer
371 1019 512 1081 admissos
528 1018 630 1081 terruit
646 1017 762 1081 Hector
775 1018 891 1103 equos?

159 1114 271 1178 Omnia
285 1139 413 1200 namque
429 1131 480 1179 tuo
495 1116 601 1193 senior,
617 1130 647 1178 te
663 1138 792 1199 quarere
807 1117 907 1196 misso,

202 1211 359 1276 Retulerat
374 1228 443 1277 nato
458 1212 584 1276 Nestor:
608 1213 700 1276 atille
715 1214 798 1276 mihi.

159 1309 277 1374 Retulit
292 1326 323 1375 et
338 1311 414 1375 leno
428 1310 625 1396 Rhesumque
640 1310 819 1397 Dolonaque
833 1334 937 1391 caesos,

202 1409 305 1496 thue
321 1413 357 1475 sit
371 1412 420 1474 hic
434 1433 538 1475 somno
554 1412 695 1495 proditus,
710 1412 759 1474 ille
774 1412 853 1476 dolo.

160 1509 261 1575 Ausus
275 1531 318 1586 es,
333 1532 352 1571 o
366 1509 487 1572 nimium
503 1509 684 1594 nimiumque
698 1510 789 1573 oblite
803 1523 932 1589 tuorum,

201 1606 331 1669 Thracia
345 1620 488 1669 nocturno
503 1621 623 1689 tangere
638 1621 734 1671 castra
748 1607 817 1671 dolo
829 1631 838 1686 ;

159 1703 280 1789 Totque
295 1704 381 1766 simul
396 1719 525 1767 mactare
542 1704 629 1782 viros,
644 1699 761 1790 adjutus
776 1706 814 1768 ab
828 1728 900 1770 uno.

202 1802 247 1864 At
261 1801 337 1863 bene
352 1815 454 1864 cautus
470 1823 544 1878 eras,
560 1815 590 1864 et
604 1824 719 1866 memor
733 1804 801 1866 ante
817 1804 888 1866 mei.

160 1897 264 1982 Usque
280 1913 360 1961 metu
377 1899 506 1962 micuere
521 1900 619 1976 sinus3
643 1900 713 1963 dum
728 1900 822 1964 victor
836 1901 965 1966 amicum

204 1995 311 2059 Dictus
326 2017 358 2058 es
373 1995 500 2059 Ismariis
514 1996 572 2059 isse
588 2018 642 2081 per
656 1986 763 2080 agmen
778 1999 872 2084 equis.

160 2093 222 2158 Sed
236 2094 308 2156 mihi
324 2093 394 2178 quid
408 2094 527 2179 prodest
543 2095 644 2157 vestris
660 2094 783 2181 disjecta
796 2095 911 2161 lacertis

201 2191 293 2255 Ilios?
315 2205 355 2269 et,
370 2213 470 2254 murus
485 2192 564 2277 quod
579 2191 632 2256 luit
646 2193 726 2272 antis,
741 2195 857 2259 solum?

160 2290 193 2354 Si
207 2312 324 2371 manen,
341 2290 432 2373 qualis
447 2288 540 2374 Troji
556 2289 679 2354 durante
693 2293 869 2370 manebam3

204 2388 316 2474 Virque
331 2387 414 2464 mihi,
429 2387 551 2472 dempto
565 2388 622 2450 fine
638 2389 792 2468 carendus,
808 2389 900 2454 abes?
984 2470 987 2477 Ι

159 2485 266 2550 Diruta
280 2501 348 2551 sunt
361 2487 435 2565 aliis,
449 2487 499 2550 uni
515 2487 587 2550 milri
603 2486 750 2571 Pergama
764 2503 892 2568 restant3

201 2584 303 2649 Incola
317 2586 436 2669 captivo
452 2607 515 2670 quae
529 2586 608 2648 bove
626 2587 717 2650 victor
731 2602 803 2650 arat.

158 2681 227 2749 Jcm
242 2705 326 2766 seges
342 2700 387 2746 est
402 2684 451 2745 ubi
465 2682 558 2768 Troja
572 2683 636 2762 luit,
651 2686 869 2770 resecandaque
884 2684 959 2749 falce

179 2791 181 2794 ’
202 2779 348 2843 Luxuriat
363 2780 495 2863 Phrygio
509 2781 649 2863 sanguine
665 2781 781 2865 pinguis
796 2783 915 2845 humus.

160 2875 359 2960 Semisepulta
374 2878 468 2940 viriam
483 2879 579 2941 curvis
595 2877 736 2943 leiinntur
750 2881 849 2943 aratris

201 2974 298 3039 Ossa:
322 2976 452 3038 ruinosas
466 2978 577 3040 occulit
592 2978 681 3040 herba
697 2979 811 3041 domos·

160 3071 264 3135 Victor
279 3074 367 3149 abes3
389 3095 446 3136 nec
460 3075 533 3135 scire
548 3075 631 3152 mihi,
647 3098 711 3158 qnae
726 3098 814 3138 cansa
828 3076 972 3156 morandi,

200 3173 264 3234 Aut
279 3172 308 3234 in
324 3192 383 3255 quo
397 3171 489 3233 lateas
505 3167 614 3234 ferreus
628 3173 710 3252 orbe,
725 3173 805 3236 licet.

158 3269 302 3354 Quisquis
318 3270 354 3333 ad
370 3269 432 3332 haec
449 3270 534 3333 vertit
550 3271 734 3354 peregrinam
750 3271 845 3335 littora
861 3274 997 3358 puppim,

200 3369 254 3431 llle
270 3369 341 3431 milri
354 3359 394 3430 'de
410 3381 439 3430 te
454 3369 547 3444 multa
561 3384 677 3453 rogatus
693 3370 763 3433 abit.

158 3465 320 3551 Quamque
335 3467 387 3530 tibi
402 3467 517 3545 reddat,
532 3468 556 3530 si
571 3484 601 3531 te
616 3469 705 3531 modo
721 3469 825 3531 viderit
840 3490 976 3555 usquam,

200 3563 341 3628 Traditur
354 3566 423 3629 huic
438 3566 534 3650 digitis
548 3567 651 3630 charta
665 3579 765 3630 notata
779 3567 864 3630 meis·
