2536 4252
143 395 205 457 ΠΟ
380 399 573 450 HEROIDES.
606 397 782 450 EPISTOLA
805 396 881 446 XIII.

141 551 222 617 Inter
236 553 316 615 mille
331 565 409 615 rates
424 557 474 624 tua
489 550 526 613 sit
539 550 695 613 millesima
710 549 830 632 puppis,

183 650 312 736 Jamque
328 633 583 732 fatigatasultirna
593 661 690 710 verset
706 668 807 730 aquas

142 747 212 812 Hoc
227 771 345 833 quoque
361 769 549 832 premoneo:
574 747 611 808 de
627 767 703 808 nave
713 745 895 813 novissimus
911 745 972 808 exi.
1086 746 1128 819 95

186 847 255 910 Non
271 861 325 924 est,
341 846 400 930 qub
417 867 568 930 properes
584 859 661 908 terra
676 858 799 927 paterna
814 844 876 906 tibi.

142 945 224 1011 Cum
240 946 351 1022 venies,
367 966 508 1029 remoque
524 965 611 1007 move
628 944 759 1027 veloque
769 942 919 1021 carinam3

185 1043 280 1128 Inque
295 1058 346 1146 tup
361 1044 490 1106 celerem
504 1043 601 1106 littore
616 1042 686 1104 siste
700 1038 836 1123 gradum.

143 1141 205 1204 Sed
219 1156 270 1205 tua
284 1163 338 1204 cur
351 1142 435 1204 nobis
451 1141 565 1225 pallens
579 1140 706 1203 occurrit
720 1141 838 1222 imago?

186 1239 252 1303 Cur
267 1240 348 1302 venit
363 1261 381 1302 a
396 1239 491 1302 verbis
507 1240 600 1303 multa
615 1239 737 1322 querela
750 1237 829 1301 tuis?
1067 1241 1132 1302 100

144 1336 291 1401 Facutior
305 1359 428 1415 somno;
450 1337 663 1421 simulacraque
678 1337 772 1400 noctis
787 1336 889 1415 adoro,

187 1436 278 1500 Nulla
291 1450 372 1500 caret
387 1435 469 1499 lurno
483 1436 636 1499 Thessalis
652 1457 700 1499 ara
715 1457 794 1499 meo.

142 1535 249 1598 Thura
264 1535 378 1611 damus,
394 1535 615 1618 lacrymamque
630 1535 721 1618 sup'er
730 1555 738 1611 ;
762 1533 822 1618 qud
835 1555 936 1618 sparsa
950 1532 1075 1611 relucet,

187 1632 231 1696 Ut
246 1634 321 1696 solet
336 1631 441 1695 adluso
456 1654 575 1716 surgere
590 1632 711 1697 flamma
724 1655 817 1696 mero.

146 1729 215 1794 Hoc
231 1753 359 1816 quoque,
376 1730 456 1815 quod
473 1731 552 1794 venti
569 1731 726 1816 prohibent
742 1731 824 1794 exire
839 1731 963 1808 carbas,
1017 1770 1022 1781 -
1068 1732 1133 1795 105

188 1828 242 1892 Me
257 1844 375 1893 movet:
400 1829 497 1892 invitis
512 1829 553 1892 ire
569 1830 677 1912 paratis
692 1830 786 1914 aquis.

145 1926 225 2007 Quis
241 1927 312 1989 velit
326 1927 355 1988 in
372 1926 496 2010 patriam
511 1941 602 1990 vento
617 1929 794 2011 prohibente
808 1928 940 1992 reverti?

189 2026 219 2088 A
235 2025 330 2109 patrib
345 2026 451 2108 pelago
466 2026 533 2088 vela
549 2039 668 2089 vetante
684 2026 769 2089 datis.

147 2123 216 2209 Ipse
232 2147 315 2206 suurn
329 2146 388 2187 non
403 2125 514 2208 prebet
529 2125 584 2188 iter
598 2123 758 2209 Neptunus
774 2125 811 2187 ad
825 2125 941 2188 urbem.

190 2220 267 2295 Quo
278 2220 379 2284 ruitis?
426 2219 548 2285 Vestras
564 2221 688 2305 quisque
704 2221 797 2284 redite
820 2221 935 2285 dornos.
1069 2223 1135 2286 110

149 2319 328 2397 Quamuis,
344 2319 465 2384 Danai?
510 2318 626 2382 Ventos
642 2319 741 2383 audito
759 2332 903 2382 vetantes.

191 2416 259 2481 Non
276 2417 362 2480 subiti
377 2417 474 2495 casbs,
489 2417 616 2480 numinis
632 2417 687 2481 ista
701 2439 783 2480 mora
800 2432 855 2481 est.

148 2515 233 2590 Quid
249 2517 358 2601 petitur
372 2531 464 2593 tanto,
479 2517 538 2579 nisi·
547 2516 641 2599 turpis
656 2515 799 2594 adultera,
814 2517 914 2580 bello?

191 2616 274 2678 Dum
290 2617 370 2694 licet,
386 2615 512 2678 Inachiae
529 2615 634 2678 vertite
650 2616 717 2679 vela
731 2628 819 2678 rates.

149 2713 210 2778 Sed
226 2714 295 2798 quid
311 2735 367 2796 ego
382 2734 491 2776 revoco
506 2713 590 2774 lraeo?
630 2711 734 2776 'Omen
751 2713 916 2776 revocantis
930 2713 1045 2791 abesto,
1070 2713 1134 2776 115

190 2812 366 2896 Blandaque
382 2811 559 2895 compositas
574 2832 645 2874 aura
660 2811 803 2873 secundet
818 2833 920 2896 aquas.

149 2907 264 2974 Ultima
277 2909 416 2972 mandato
429 2910 585 2973 claudetur
598 2908 725 2993 epistola
740 2931 850 2994 parvo3

193 3007 245 3070 ‘Si
259 3008 311 3070 tibi
326 3029 397 3070 cura
411 3008 482 3086 mei,
497 3008 535 3072 sit
549 3008 601 3073 tibi
616 3029 687 3073 cura
702 3008 766 3074 tui.’
