2536 4252
543 429 654 481 FASTI.

150 578 193 643 Hi
206 580 331 644 redeunt
345 580 410 643 udis
425 581 455 644 in
469 600 522 642 sua
535 593 614 643 tecta
629 581 721 662 genis.

108 679 241 744 Sustinet
254 679 406 762 impositos
419 677 537 740 summai
550 698 648 763 cavus¹
657 676 758 739 alveus
772 673 864 739 undd.

151 775 222 840 Heu
239 791 380 860 quantum
396 775 447 838 sati
461 797 553 859 parva
567 775 675 838 tabella
691 774 792 837 vehit!
1042 773 1086 838 60

108 875 224 938 Alveus
239 874 268 938 in
283 875 354 937 limo
368 874 448 937 silvis
463 874 604 957 appulsus
618 873 729 956 opacis,
754 947 758 955 Ι

151 972 299 1036 Paulatim
314 973 406 1034 fluvio
422 972 589 1048 deficiente,
603 966 699 1034 sedet.

111 1069 202 1133 Venit
216 1070 254 1133 ad
269 1071 419 1154 expositos
437 1067 573 1154 (mirum)
590 1069 660 1152 lupa
674 1067 746 1131 soeta
760 1066 914 1150 gemellos.

151 1167 230 1242 Quis
244 1168 345 1231 credat
360 1168 458 1251 pueris
472 1189 530 1231 non
546 1167 680 1229 nocuisse
695 1164 787 1229 seram
796 1167 817 1240 i,

109 1265 180 1329 Non
194 1266 329 1328 nocuisse
345 1287 449 1350 parum
464 1278 529 1327 est:
552 1265 672 1348 prodest
688 1285 824 1348 quoque:
847 1282 922 1348 quos
937 1263 1009 1348 lupa

181 1432 212 1443 ,Ι
238 1364 339 1442 nutrit,
376 1359 380 1370 ’
944 1415 945 1419 ,
1043 1362 1088 1424 65

151 1460 284 1525 Prodere
299 1474 434 1544 cognata
448 1459 614 1523 sustinuere
628 1480 743 1521 manus.
778 1502 784 1507 -

110 1557 261 1637 Constitit,
277 1574 308 1623 et
321 1559 418 1623 caudit
431 1544 540 1621 teneris
555 1557 702 1620 blanditur
715 1556 851 1635 alumnis,

153 1658 195 1723 Et
208 1658 290 1741 fingit
304 1657 406 1740 lingui
417 1655 540 1740 coipora
554 1655 623 1718 bina
636 1654 702 1718 suia.

110 1756 209 1820 Marte
223 1770 302 1820 satos
317 1757 424 1832 seires;
446 1755 533 1817 timor
546 1753 656 1816 abfuit:
679 1754 770 1816 ubera
785 1753 915 1831 ducunt3

152 1854 219 1918 Nec
234 1855 288 1917 sibi
303 1854 437 1939 promissi
452 1853 535 1916 lactis
549 1853 667 1916 aluntur
680 1873 750 1935 ope.

111 1943 220 2016 Martia
234 1966 280 2015 ter
292 1973 379 2014 senos
395 1952 492 2035 proles
506 1950 675 2022 adoleverat
690 1971 801 2028 annos;
833 1976 836 1980 ·
934 2003 937 2006 ⁴

152 2050 194 2114 Et
208 2051 326 2122 suberat
339 2049 423 2112 flavae
435 2048 496 2134 jam
512 2071 590 2112 nova
603 2049 694 2112 barba
707 2070 810 2112 come.

111 2147 259 2210 Omnibus
274 2146 407 2228 agricolis
422 2159 679 2227 armentorumque
694 2145 838 2227 magistris

153 2245 253 2307 lliadae
269 2243 370 2307 iratres
380 2243 448 2328 jura
461 2242 555 2326 petita
569 2228 687 2304 dabant.

111 2343 199 2427 Saepe
215 2342 335 2406 domum
350 2341 472 2404 veniunt
481 2340 656 2424 'predonum
670 2341 812 2423 sanguine
826 2340 904 2421 leti3

153 2440 195 2503 Et
209 2441 345 2522 redigunt
359 2453 441 2503 actos
454 2439 484 2502 in
499 2460 553 2501 sua
567 2460 633 2501 rura
646 2438 750 2500 boves.

58 2564 67 2570 ·
111 2539 155 2604 Ut
169 2561 263 2622 genus
278 2538 442 2615 andierunt,
458 2537 572 2600 animos
585 2550 670 2621 pater
684 2535 780 2599 editus
795 2549 903 2618 auget3

153 2644 192 2702 Et
206 2636 300 2721 pudet
315 2636 345 2699 in
360 2635 462 2720 paucis
475 2656 585 2697 nomen
600 2634 708 2698 habere
723 2634 812 2698 casis.-

111 2735 322 2819 Romuleoque
335 2733 415 2796 cadit
430 2731 567 2818 trajectus
582 2732 720 2796 Amulius
735 2752 825 2812 ense3

156 2833 322 2918 Regnaque
337 2832 470 2914 longaevo
484 2830 676 2894 restituuntur
688 2853 758 2895 avo.

112 2931 181 2995 Jam
195 2932 289 2994 luerat
302 2951 407 3014 poenas
422 2928 509 2992 irater
523 2927 698 3006 Numitoris,
712 2943 743 2992 et
756 2951 845 2994 omne

155 3029 311 3092 Pastorum
326 3027 445 3110 gemino'
458 3027 514 3090 sub
528 3026 605 3089 duce
620 3027 726 3110 vulgus
739 3041 812 3090 erat.

113 3127 297 3191 Contrahere
313 3139 453 3208 agrestes,
468 3138 500 3188 et
513 3125 624 3189 moenia
638 3129 749 3209 ponere
764 3127 879 3211 utrique

155 3223 315 3288 Convenit.
359 3223 529 3305 Ambigitur
543 3224 654 3287 moenia
667 3239 758 3307 ponat
771 3238 847 3287 uter.

114 3320 183 3385 ‘Nil
198 3343 273 3404 opus
289 3321 355 3398 est‚'
371 3321 456 3397 dixit,
472 3321 671 3398 ‘certamina'
687 3321 846 3399 Romulus,
861 3321 956 3385 ‘ullo

155 3418 267 3502 Magna
281 3420 354 3482 fides
369 3419 466 3481 avium
482 3433 544 3481 est:
567 3420 757 3502 experiamur
771 3419 866 3489 aves),

113 3516 179 3580 Res
193 3518 302 3602 placet.
345 3517 433 3579 Alter
446 3515 499 3579 init
513 3517 658 3580 nemorosi
672 3539 745 3580 saxa
759 3515 874 3580 Palati:

119 3672 122 3678 .
156 3615 244 3680 Alter
258 3615 443 3680 Aventinum
455 3614 544 3679 man'e
558 3636 701 3679 cacumen
717 3613 788 3677 adit.

416 3712 484 3775 15*
