2536 4252
453 426 519 476 ina
541 427 585 477 1v.
621 423 759 476 annom
775 423 809 474 x.
845 459 848 464 .
1059 412 1124 476 183

136 566 177 645 'Si
192 580 291 629 tamen
307 569 459 632 exstinctis
474 570 593 654 aliquid,
607 569 664 633 nisi
677 567 808 646 nomina,
823 578 925 646 restat,
954 611 957 616 ,
1077 569 1132 634 85'

188 663 229 727 Et
243 665 356 753 gracilis
368 681 497 730 structos
512 669 615 751 effugit
628 668 734 730 umbra
747 686 853 748 rogos3

144 763 251 842 Fama,
268 765 443 848 parentales,
458 767 482 828 si
497 787 550 828 vos
563 787 632 829 mea
645 765 778 848 contigit,
793 765 922 844 umbrae3

186 861 229 925 Et
243 877 311 924 sunt
325 863 354 925 in
369 864 475 946 Stygio
489 853 612 927 crimina
626 877 725 926 nostra
739 861 822 941 soro3

145 960 236 1038 Scite,
252 983 366 1044 precor,
380 983 499 1024 causam
517 961 588 1048 (nec
603 956 742 1024 vosmihi
757 951 916 1045 fallere'sas
930 956 991 1048 est)

186 1057 326 1121 Errorem
338 1058 437 1145 jussae,
451 1081 510 1122 non
526 1060 633 1138 scelus,
650 1080 714 1122 esse
732 1058 820 1142 sugoe.
1080 1061 1125 1126 90

144 1157 284 1223 Manibus
298 1160 327 1222 id
343 1160 411 1223 satis
426 1174 481 1224 est.
525 1161 577 1224 Ad
592 1182 644 1224 vos
658 1161 788 1224 studiosa
802 1173 935 1224 revertor

187 1257 323 1335 Pectora,
340 1259 389 1342 qui
404 1259 469 1322 vitae
485 1259 611 1344 quaeritis
626 1273 693 1321 ecta
706 1281 792 1321 meaa.

144 1354 214 1417 Jam
228 1357 300 1419 mihi
314 1357 446 1434 cadities,
460 1357 551 1440 pulsis
565 1357 734 1419 melioribus
748 1356 843 1433 annis,

188 1452 321 1517 Venerat
330 1477 338 1532 ;
361 1455 494 1539 antiquas
508 1454 724 1538 miscueratque
742 1474 862 1518 comas:

145 1550 277 1636 Postque
293 1575 375 1616 meos
389 1566 470 1616 ortus
485 1551 583 1615 Pisaea
597 1552 712 1615 vinctus
726 1552 808 1614 oliva

187 1652 359 1714 Abstulerat
374 1651 473 1714 decies
488 1651 608 1736 praemia
622 1651 717 1714 victor
730 1670 843 1734 equus3

146 1750 226 1813 Cdm
241 1749 328 1812 maris
343 1749 456 1813 Euxini
470 1749 581 1834 positos
596 1749 634 1812 ad
649 1749 723 1812 laeva
737 1748 874 1812 Tomitas

188 1847 332 1923 Quaerere
348 1848 471 1910 melosi
485 1847 633 1932 Principis
647 1847 690 1910 ira
701 1846 798 1933 jubet.

146 1946 246 2010 Causa
261 1969 334 2010 meae
349 1947 463 2011 cunctis
477 1945 600 2009 nimium
616 1967 734 2031 quoque
749 1959 819 2010 nota
833 1945 923 2009 ruinae

188 2044 300 2108 Indicio
315 2068 374 2108 non
389 2059 434 2108 est
449 2045 632 2109 testificanda
646 2066 726 2108 meo.
1064 2045 1126 2109 100

146 2142 230 2217 Quid
242 2134 366 2205 reseram
380 2143 582 2226 comitumque
597 2141 691 2219 nesus,
706 2141 890 2225 famulosque
905 2143 1068 2205 nocentes?

188 2240 261 2323 lpsd
275 2241 368 2303 multa
382 2240 435 2303 tuli
450 2261 509 2302 non
525 2238 636 2303 leviora
650 2237 730 2321 suga.

145 2339 302 2422 Indignata
317 2339 401 2402 malis
415 2360 499 2406 urens
515 2350 560 2400 est
574 2324 786 2414 succumbere3
808 2356 900 2419 seque

189 2438 327 2513 Praestitit
342 2437 481 2504 invictam
497 2435 605 2497 viribus
620 2457 672 2496 usa
687 2434 766 2496 suis:

147 2537 324 2621 Oblitusque
340 2550 427 2617 toga,
443 2535 597 2617 ductaque
613 2553 668 2616 per
681 2532 741 2594 otia
756 2532 832 2610 vitae,
963 2541 965 2545 ’
1065 2532 1126 2595 105

189 2634 311 2707 Insolitb
324 2634 390 2718 cepi
407 2631 548 2716 temporis
564 2652 645 2693 arma
659 2650 759 2692 manu.

146 2733 267 2818 Totque
282 2733 335 2795 tuli
351 2731 429 2794 terrai
442 2751 527 2793 casus
543 2730 708 2814 pelagoque
718 2749 732 2805 ;·
750 2740 822 2812 quot
836 2727 913 2792 inter

189 2832 351 2895 Occultum
367 2829 458 2893 stellae
474 2828 727 2912 conspicuumque
743 2827 856 2910 polum.

147 2932 245 2996 Tacta
258 2929 329 2993 mihi
343 2929 464 2992 tandem
478 2927 572 3009 longis
587 2925 730 2988 erroribus
745 2938 813 2987 acto
869 3001 871 3005 ι

189 3030 299 3092 Juncta
314 3013 488 3112 pharetratis
504 3024 644 3088 Sarmatis
658 3044 711 3087 ora
728 3021 825 3085 Getis.
1064 3025 1127 3086 110

148 3128 209 3192 Hic
223 3149 290 3209 ego,
305 3125 433 3189 finitimis
449 3123 581 3209 quamvis
595 3122 794 3187 circumsoner
807 3118 904 3197 armis,
924 3147 927 3153 ·

191 3214 310 3301 Tristia,
326 3246 385 3308 quo
399 3244 532 3307 possum,
546 3221 675 3286 carmine
690 3219 749 3283 sata
762 3218 842 3282 levo.

148 3324 254 3403 Quod,
270 3322 404 3408 quamvis
418 3342 508 3383 nemo
523 3333 577 3398 est,
591 3318 675 3404 cujus
689 3316 830 3381 reseratur
844 3314 883 3380 ad
898 3335 984 3378 aures
1078 3339 1081 3343 ¹

113 3494 119 3499 ,
191 3423 242 3487 Sic
258 3436 357 3485 tamen
374 3420 497 3483 absumo
512 3417 686 3501 decipioque
701 3416 792 3479 diem.

150 3520 242 3605 Ergo,
259 3520 339 3606 qubd
355 3509 434 3597 vivo,
450 3517 587 3600 durisque
602 3515 749 3579 laboribus
763 3514 859 3591 obsto,
1066 3513 1129 3578 115

193 3618 262 3684 Nec
277 3606 326 3684 me
340 3617 470 3682 sollicita
485 3614 571 3679 tedia
584 3613 658 3679 lucis
672 3613 795 3693 habent,
815 3678 818 3680 ,
