2536 4252
149 397 211 479 122
440 402 786 454 uuvnmoueuosuon

59 539 63 546 ⁵
145 552 251 617 Mente
267 553 360 616 serant
376 554 507 637 placidi:
532 553 625 616 doceo
640 574 699 636 quo
714 553 803 613 simus
818 551 926 629 alendi,

146 651 327 713 Armandive
342 651 450 713 modo:
473 650 573 713 mittor
587 649 646 734 qud
661 649 789 732 postulat
804 671 884 710 usus.
1057 652 1121 712 215

62 733 65 745 λ
187 747 271 811 Ecce
288 748 372 816 Jovis
388 749 510 824 monitu,
526 748 670 830 deceptus
685 746 810 828 imagine
825 747 932 833 somni,

107 832 112 839 ⁵
146 846 217 908 Rex
228 846 315 932 jubet
330 847 439 929 incepti
453 867 553 908 curam
569 845 714 906 dimittere
729 844 809 906 belli.

145 943 199 1006 llle
214 957 315 1027 potest,
326 959 446 1006 auctore
462 965 545 1004 suam
560 941 718 1005 defendere
733 963 864 1005 causam.

145 1039 215 1102 Non
230 1040 305 1103 sinat
321 1041 377 1103 hoc
392 1041 484 1125 Ajax,
500 1040 683 1122 delendaque
698 1039 846 1122 Pergama
860 1054 979 1124 poscat:

145 1136 298 1222 Quodque
313 1152 421 1221 potest,
437 1151 558 1221 pugnet.
604 1136 670 1199 Cur
682 1159 740 1199 non
755 1152 918 1211 remoratur
930 1138 1041 1202 ituros?
1056 1142 1120 1202 220

144 1235 209 1299 Cur
223 1258 281 1298 non
296 1258 376 1298 arma
390 1236 490 1320 capit?
534 1235 607 1312 Dat,
623 1233 702 1319 quod
717 1256 792 1316 vaga
806 1235 891 1298 turba
905 1238 1065 1320 sequetur?

144 1331 213 1396 Non
230 1348 291 1396 erat
306 1334 363 1395 hoc
378 1333 499 1396 nimium
514 1325 664 1417 nunquam
679 1331 734 1394 nisi
748 1353 855 1414 magna
869 1332 1012 1418 loquenti.

144 1429 239 1508 Quid,
255 1430 334 1515 qudd
349 1444 379 1494 et
394 1432 456 1515 ipse
471 1430 567 1513 sugis?
591 1430 660 1506 vidi,
676 1429 841 1515 puduitque
857 1430 968 1509 videre,

144 1527 226 1592 cum
240 1542 271 1590 tu
287 1542 369 1610 terga
383 1528 478 1604 dares,
494 1529 706 1612 inhonestaque
723 1529 789 1590 vela
804 1549 932 1612 parares.

144 1624 211 1688 Nec
226 1616 319 1703 mora,
334 1625 440 1700 ‘Quid
455 1625 567 1689 facitis?
591 1648 656 1710 quae
673 1648 724 1688 vos
740 1626 909 1703 dementia,'
925 1626 998 1704 dixi,
1055 1630 1120 1691 225

144 1723 314 1801 ‘Concitat,
329 1746 347 1786 ο
362 1724 443 1801 socii,
458 1738 576 1808 captam
592 1724 737 1787 dimittere
753 1723 896 1808 Trojam?
994 1777 997 1783 .

144 1819 266 1894 Quidve
283 1820 402 1883 domum
417 1821 497 1883 sertis
511 1822 638 1899 decim0,
653 1822 707 1884 nisi
722 1820 863 1899 dedecus,
879 1843 956 1885 enno
966 1821 988 1886 ?'

133 1918 268 2014 sTalibus
283 1931 372 2002 atque
388 1919 461 1996 aliis,
477 1919 506 1981 in
521 1941 585 2002 quae
602 1919 685 1981 dolor
698 1918 762 2003 ipse
778 1918 919 1982 disertum

145 2015 283 2094 Fecerat,
299 2038 416 2080 aversos
432 2016 556 2100 profugit
571 2017 607 2080 de
622 2018 715 2094 classe
730 2017 846 2080 reduxi.

145 2115 301 2179 Convocat
316 2116 436 2179 Atrides
450 2116 544 2179 socios
560 2129 668 2179 terrore
685 2129 847 2199 paventes:
1055 2118 1120 2179 230

144 2211 174 2275 N
177 2235 211 2276 ec
227 2213 455 2277 Telamoniades
470 2214 558 2277 etiam
573 2235 652 2276 nunc
667 2213 779 2276 hiscere
795 2213 955 2298 quidquam

143 2310 250 2373 Ausit:
274 2325 303 2373 at
318 2330 405 2374 ausus
420 2327 483 2374 erat
497 2334 581 2393 reges
596 2312 741 2374 incessere
757 2311 841 2372 dictis

143 2407 308 2486 Thersites,
324 2411 412 2471 etiam
427 2431 481 2493 per
496 2431 543 2471 me
558 2409 636 2473 haud
653 2407 785 2490 impune,
802 2407 955 2491 protervia.

144 2506 259 2589 Erigor,
276 2521 306 2569 et
320 2508 450 2591 trepidos
465 2508 701 2591 cives-exhortor
715 2506 744 2568 in
760 2506 892 2568 hostem:

144 2605 352 2689 Amissamque
367 2605 436 2666 meat
452 2605 589 2666 virtutem
604 2625 678 2666 voce
693 2625 827 2686 reposco.
1055 2605 1119 2667 235

142 2702 295 2786 Tempore
310 2702 347 2764 ab
362 2702 430 2778 hoc,
446 2702 642 2785 quodcunque
658 2715 754 2783 potest
770 2700 874 2764 secisse
892 2701 982 2764 videri

142 2799 273 2862 Fortiter
288 2800 352 2875 iste,
367 2820 469 2860 meum
484 2812 545 2860 est:
570 2798 619 2881 qui
634 2799 753 2860 dantem
768 2811 851 2880 terga
865 2799 983 2862 retraxi.

185 2896 324 2980 Denique
340 2897 377 2958 de
393 2895 507 2959 Danais
523 2896 586 2981 quis
601 2909 631 2959 te
645 2895 783 2958 laudatve
798 2897 933 2979 petitve?

71 3070 79 3081 „
143 2994 185 3055 At
200 3017 253 3055 sue
267 2993 402 3078 Tydides
417 3016 535 3066 mecum
549 2994 748 3057 communicat
762 3008 844 3057 aeta:

141 3090 196 3154 Me
206 3092 333 3174 probat:
358 3106 389 3153 et
402 3093 482 3154 socio
497 3114 614 3176 semper
627 3092 747 3155 confidit
761 3092 884 3178 Ulysse.
1054 3095 1119 3156 240

142 3189 198 3252 Est
213 3189 332 3274 aliquid,
348 3189 385 3250 de
400 3202 443 3251 tot
459 3189 616 3274 Grajorum
631 3190 768 3269 millibus,
783 3215 874 3255 unum

142 3288 172 3349 A
188 3288 336 3350 Diomede
352 3287 421 3369 legi.
466 3286 495 3350 N
499 3311 533 3350 ec
548 3311 596 3351 me
612 3312 673 3351 sors
688 3290 729 3352 ire
741 3291 881 3375 jubebat:

143 3385 193 3449 Sic
207 3400 307 3447 tamen
322 3400 352 3448 et
367 3399 466 3468 spreto
480 3387 632 3468 noctisque
648 3388 798 3469 hostisque
815 3386 934 3468 periclo,

147 3477 260 3544 Ausum
275 3485 390 3559 eadem,
408 3504 470 3567 quie
487 3504 549 3559 noS,
565 3483 700 3566 Phrygia
714 3484 751 3544 de
767 3497 853 3564 gente
870 3483 990 3547 Dolona

143 3576 299 3653 luterimo:
323 3605 381 3644 non
397 3581 464 3644 ante
480 3594 590 3657 tamen,
607 3583 695 3664 quam
711 3597 816 3643 cuncta
830 3581 916 3663 coigi
1053 3583 1118 3647 245
