2536 4252
521 426 696 478 EPISTOLA
720 428 754 478 X.

148 573 181 637 Si
195 595 287 652 mare,
301 574 326 637 si
341 588 442 654 terras,
457 590 652 662 porrectaque
666 577 763 641 littora
778 578 856 656 vidi3

190 669 289 734 Multa
303 672 375 734 mihi
390 688 483 750 terre,
499 674 592 736 multa
606 674 754 736 minantur
768 696 861 758 aqua.

147 767 269 832 Coelum
284 770 428 834 restabat:
452 771 543 834 timeo
557 772 713 834 simulacra
727 772 861 835 deorum.

190 866 345 929 Destituor
358 860 467 951 rapidis
482 870 580 953 praeda
594 870 736 954 cibusque
750 869 829 933 seris.

146 963 218 1027 Sive
233 964 334 1028 colunt
349 965 540 1051 habitantque
557 968 622 1047 viri,
638 967 797 1031 diffidimus
811 969 877 1032 illis.

190 1061 340 1126 Externos
355 1064 442 1128 didici
457 1064 525 1128 laesa
539 1066 642 1136 timere
659 1066 746 1129 viros.

147 1158 272 1224 Viveret
286 1162 463 1245 Androgeos
478 1164 607 1227 utinam:
631 1185 687 1227 nec
702 1163 779 1227 sacta
792 1164 895 1228 luisses

189 1258 285 1344 Impia
299 1259 459 1339 funeribus²
475 1261 606 1347 Cecropi
621 1276 707 1340 terra,
723 1262 801 1325 tuis!

146 1356 213 1421 Nec
229 1372 280 1421 tua
294 1359 453 1423 mactasset
468 1360 582 1423 nodoso
596 1360 705 1444 stipite,
720 1360 856 1438 Theseu,

188 1457 293 1520 Ardua
307 1472 392 1541 parte
408 1459 503 1521 virum
518 1459 653 1536 dextera,
669 1472 751 1542 parte
766 1457 894 1520 bovem!
978 1500 985 1515 .

144 1553 212 1618 Nec
227 1556 289 1634 tibi,
304 1579 369 1641 quae
383 1557 494 1621 reditus
509 1570 714 1635 monstrarent,
729 1556 777 1619 fila
791 1556 956 1631 dedissem3

187 1650 255 1714 Fila
269 1674 323 1736 per
337 1652 478 1716 adductas
493 1675 571 1737 saepe
585 1667 708 1737 recepta
721 1652 844 1716 manus!

144 1747 214 1812 Non
230 1750 367 1835 equidem
382 1751 480 1829 miror,
491 1751 515 1814 si
529 1765 587 1815 stat
601 1751 722 1815 victoria
735 1765 846 1828 tecum,

187 1848 343 1934 Strataque
358 1847 507 1912 Cretaeam
521 1851 620 1913 bellua
635 1849 722 1913 tinxit
736 1849 872 1911 humum.
974 1859 976 1863 ’

144 1944 214 2009 Non
230 1961 365 2031 poterant
379 1947 428 2032 figi
444 1947 602 2032 praecordia
617 1947 710 2012 ferrea
724 1967 833 2011 cornu:

187 2043 232 2109 Ut
246 2059 276 2108 te
290 2069 349 2109 non
364 2060 492 2130 tegeres,
506 2062 626 2131 pectore
641 2060 721 2110 tutus
735 2067 811 2110 eras.

145 2141 209 2207 Illic
225 2158 257 2207 tu
271 2145 377 2223 silices,
392 2145 451 2208 illic
466 2145 623 2208 adamanta
637 2143 745 2207 tulisti:
779 2183 781 2189 ·
887 2215 890 2222 ¹

188 2242 264 2321 lllie,
280 2244 330 2328 qui
348 2243 455 2321 silicea,
470 2241 602 2320 Thesea,
618 2241 727 2320 vincat,
741 2240 844 2331 buires.

146 2338 291 2404 Crudeles
307 2342 412 2419 somni,
429 2341 498 2425 quid
514 2362 562 2402 me
578 2339 710 2402 tenuistis
726 2338 872 2401 inertem?

190 2439 230 2501 At
245 2439 339 2502 semel
355 2440 462 2502 aetermi
476 2452 564 2500 noete
579 2437 742 2521 premenda
756 2435 808 2498 sui.

145 2535 210 2600 Vos
226 2558 355 2620 quoque,
371 2535 506 2597 crudeles
522 2535 613 2608 venti,
627 2533 809 2618 nimiumque
825 2531 937 2616 parati3

188 2634 383 2717 Flaminaque
398 2633 427 2695 in
442 2632 587 2716 lacrymas
602 2632 732 2695 officiosa
746 2651 839 2694 meas.

145 2731 281 2794 Dextera
296 2730 433 2807 crudelis,
449 2753 513 2815 quae
527 2752 577 2793 me
592 2731 769 2814 fratremque
783 2727 918 2792 necavit:

187 2828 228 2892 Et
244 2830 312 2892 data
326 2829 470 2913 poscenti,
485 2851 595 2892 nomen
610 2830 708 2906 inane,
723 2828 806 2890 fides.

142 2925 177 2990 ln
193 2951 241 2991 me
252 2927 387 3014 jurirunt
401 2927 531 3006 somnus,
549 2943 725 3011 ventusque,
739 2926 883 3009 fidesque.

186 3025 307 3088 Prodita
321 3048 386 3088 sum
402 3026 502 3089 causis
513 3048 572 3092 rma
588 3024 688 3110 puella
702 3023 804 3087 tribus.

143 3123 225 3206 Ergo
240 3146 296 3206 ego
310 3146 367 3187 nee
382 3125 527 3209 lacrymas
542 3124 641 3186 matris
655 3122 795 3185 moritura
810 3119 938 3183 videbo:

186 3220 264 3296 Nec,
280 3244 346 3284 mea
362 3223 410 3307 qui
427 3223 533 3305 digitus
548 3222 659 3284 lumina
673 3221 791 3299 condat,
807 3219 883 3282 erit?

143 3319 267 3403 Spiritus
283 3320 384 3382 infelix
400 3321 566 3402 peregrinas
582 3320 633 3382 ibit
648 3320 676 3381 in
692 3338 795 3394 auras3

186 3416 253 3481 Nec
268 3419 378 3502 positos
394 3432 471 3480 artus
486 3431 598 3499 unguet
613 3416 707 3478 amica
722 3415 848 3478 r'nanus?

143 3513 221 3577 Ossa
235 3515 441 3598 superstabunt
457 3514 590 3576 volucres
606 3512 756 3575 inhumata
770 3503 908 3572 marinae?

186 3611 260 3676 Haea
275 3626 344 3675 sunt
359 3612 461 3675 officiis
477 3613 564 3694 digna
578 3611 715 3695 sepulcra
728 3609 826 3671 meis?
