2536 4252
481 389 485 392 ’
550 396 659 447 arnan
681 399 724 468 u.¹

146 544 362 631 Virgineusque
377 546 516 624 Helicon,
531 563 562 610 et
576 547 707 610 nondum
722 547 862 630 OEagrius
878 547 1009 613 Hamus.

144 645 240 708 Ardet
255 645 284 707 iu
299 646 474 707 immensum
490 646 644 727 geminatis
660 647 774 728 ignibus
788 646 892 724 lEtne,

144 741 365 827 Parnassusque
381 744 492 825 biceps,
508 757 538 804 et
553 731 651 826 Eryx,
666 758 697 806 et
712 743 863 826 Cynthus,
878 759 908 807 et
923 743 1048 829 Othrys,

145 840 187 903 Et
201 841 320 903 tandem
337 840 487 923 Rhodope
502 841 617 905 nivibus
631 842 767 918 caritura,
781 841 960 925 Mimasque,
1057 844 1116 907 221

144 939 367 1024 DIndymaque,
382 954 413 1002 et
428 937 560 1022 Mycale,
576 954 720 1024 natusque
730 940 772 1002 ad
787 961 869 1002 sacra
883 937 1045 1003 Citheron.

144 1037 211 1100 Nec
226 1051 347 1120 prosunt
362 1037 493 1120 Scythia
507 1033 561 1099 sua
574 1036 694 1119 frigora:
719 1036 872 1100 Caucasus
887 1038 980 1114 ardet,
1051 1092 1055 1097 .

144 1135 280 1219 Ossaque
294 1157 364 1197 curn
379 1135 487 1212 Pindo,
503 1134 653 1220 majorque
668 1136 810 1199 ambobus
824 1135 990 1219 Olympus:

144 1233 302 1317 Adriaeque
319 1233 425 1315 Alpes,
440 1246 471 1294 et
485 1233 601 1296 nubifer
615 1233 803 1316 Apenninus.
1057 1235 1120 1297 225

186 1330 276 1393 Tunc
291 1330 362 1392 verb
376 1329 535 1392 Phaethon
550 1330 662 1392 cunctis
678 1351 695 1391 e
713 1330 841 1411 partibus
856 1329 957 1392 orbem

145 1426 283 1510 Adspicit
297 1447 471 1490 accensum:
494 1447 550 1488 nec
565 1441 662 1488 tantos
676 1427 799 1488 sustinet
814 1440 916 1490 astus:

144 1524 369 1608 Ferventesque
385 1545 479 1602 auras,
495 1525 576 1593 velut
591 1546 608 1586 e
624 1524 741 1587 somace
757 1523 911 1608 profundit,

145 1622 208 1685 Ore
223 1623 321 1700 trahit,
335 1643 495 1705 currusque
510 1643 578 1685 suos
592 1622 770 1685 candescere
785 1623 884 1685 sentit.

145 1719 187 1784 Et
202 1743 299 1805 neque
311 1720 374 1806 jam
388 1721 502 1809 cineres
516 1719 733 1804 ejectatatnque
749 1719 876 1786 favillam
1057 1715 1121 1787 '230

144 1818 237 1882 Ferre
253 1833 366 1903 potest:
390 1819 544 1902 calidoque
560 1818 718 1882 involvitur
730 1818 860 1902 undique
876 1817 967 1881 sumo.

145 1916 278 2002 Qudqne
293 1931 352 1995 eat,
367 1929 418 1980 aut
432 1917 543 1995 ubisit,
558 1916 646 2000 piceis
658 1917 782 1999 caligine
798 1929 893 1979 tectus

145 2014 266 2092 Nescit;
289 2028 319 2078 et
334 2015 450 2078 arbitrio
467 2014 618 2078 volucrum
633 2027 764 2097 raptatur
778 2028 935 2098 equorum.

188 2114 337 2196 Sanguine
353 2128 416 2176 turn
429 2100 555 2176 credunt
570 2113 598 2176 in
613 2133 737 2194 corpora
751 2134 866 2175 summa
877 2125 994 2188 vocato,

146 2211 323 2294 AEthiopum
338 2211 464 2297 populos
477 2211 591 2292 nigrum
608 2210 731 2272 traxisse
747 2210 887 2272 colorem.
1057 2210 1121 2273 235

145 2307 228 2371 Tum
243 2309 319 2372 sacta
334 2323 379 2372 est
393 2307 503 2391 Libye,
518 2308 608 2391 raptis
624 2308 793 2370 humoribus
808 2323 890 2385 astu,

146 2407 257 2483 Arida3
278 2421 342 2469 tum
357 2408 496 2490 nymphae
512 2406 604 2490 passis
619 2405 773 2488 sontesque
789 2406 928 2488 lacusque

145 2503 308 2567 Deflevirre
323 2503 426 2566 comis.
471 2501 586 2576 Quaerit
601 2501 720 2592 Boeotia
735 2501 858 2594 Dircen,

147 2601 243 2682 Argos
259 2601 461 2683 Amymonen,
477 2599 602 2683 Ephyre
618 2598 771 2662 Pirenidas
784 2598 890 2663 undas.

145 2698 213 2761 Nec
228 2699 328 2761 sortita
342 2697 409 2762 loco
423 2698 563 2760 distantes
578 2698 699 2761 flumina
714 2697 791 2781 ripas
981 2770 983 2775 g
1058 2701 1122 2765 2⁴10

145 2797 227 2860 Tuta
240 2810 378 2860 manent:
401 2797 504 2859 mediis
518 2795 632 2859 Tanais
647 2795 769 2859 fumavit
784 2797 814 2859 in
829 2796 925 2874 undis,
941 2849 944 2853 .

145 2895 323 2980 Peneosque
339 2917 443 2973 senex,
458 2894 740 2978 Teuthranteusque
755 2894 877 2973 Caicus,

146 2992 188 3056 Et
201 2994 282 3057 celer
295 2993 439 3072 Ismenos,
454 3014 523 3056 cum
539 2993 691 3056 Phocaico
706 2991 904 3076 Erymantho,

147 3093 333 3175 Arsurusque
350 3093 455 3172 iterum
472 3090 622 3168 Xanthus,
634 3091 790 3175 *flavusque
806 3090 982 3174 Lycormae,

147 3190 269 3274 Quique
284 3191 444 3253 recurvatis
458 3191 532 3253 ludit
548 3188 714 3253 Maeandtos
730 3191 758 3252 in
773 3191 877 3268 undis3
1059 3192 1121 3253 ‘245

146 3288 388 3372 Mygdoniusque
404 3287 511 3365 Melas,
527 3304 557 3350 et
571 3288 724 3350 Taenarius
740 3287 876 3351 Eurotas.

148 3387 227 3449 Arsit
243 3401 273 3449 et
288 3387 457 3470 Euphrates
472 3386 666 3470 Babylonius,
681 3387 750 3449 arsit
769 3387 909 3463 Orontes,

145 3484 399 3569 Thermodonque
414 3486 499 3562 citus,
515 3485 705 3571 Gangesque,
723 3501 753 3549 et
767 3485 885 3564 Phasis,
900 3498 930 3548 et
946 3483 1030 3549 Ister.

148 3583 265 3648 Bristuat
279 3584 432 3670 Alpheos:
455 3585 524 3669 ripn
538 3584 738 3669 Spercheides
753 3567 872 3650 ardent:
967 3584 972 3594 ’

445 3682 494 3747 3*
