2536 4252
161 426 220 488 138
471 427 816 479 usrnnournosnou

159 583 304 666 Corniger
318 582 489 665 exsequitur
504 578 631 642 Veneris
649 578 806 641 mandata:
829 597 958 662 suisque,

159 681 312 766 Quicquid
328 681 356 742 in
372 679 471 742 AEnei
486 678 579 740 suerat
595 677 727 754 mortale,
743 689 891 770 repurgat,

161 779 201 842 Et
214 778 356 862 respergit
370 777 463 861 aquis.
508 775 582 838 Pers
597 775 708 858 optima
722 775 826 837 restitit
840 774 892 837 illi.
961 813 964 818 f

160 875 329 939 Lustratum
344 875 470 957 genitrix
485 873 583 936 divino
597 893 704 955 corpus
718 871 808 934 odore

160 973 266 1050 Unxit,
281 988 311 1035 et
327 972 472 1035 ambrosii
485 993 554 1034 cum
569 970 647 1033 dulci
662 984 780 1032 nectare
795 969 891 1033 mixte
958 1048 959 1055 ἵ
1090 973 1134 1036 95

161 1070 294 1153 Contigit
309 1092 352 1148 os,
367 1069 495 1154 fecitque
510 1069 616 1131 deum:
640 1089 728 1152 quern
743 1068 828 1131 turba
842 1065 965 1145 Quirini

162 1165 323 1252 illuncupat
337 1168 521 1251 Indigetem
542 1167 712 1250 temploque
728 1166 842 1250 arisque
857 1167 981 1250 recepit.

204 1266 277 1329 Inde
292 1267 346 1328 sub
361 1266 482 1329 Ascanii
497 1265 606 1327 ditione
621 1263 776 1327 binominis
790 1263 880 1341 Alba,

85 1363 87 1368 ’
162 1363 284 1448 Resque
300 1363 406 1426 Latina
422 1362 491 1425 suit:
515 1362 646 1425 succedit
660 1361 768 1424 Silvius
783 1361 843 1425 illi:

162 1460 234 1544 qu
249 1476 339 1538 satus,
351 1461 470 1544 antiquo
485 1460 578 1523 tenuit
593 1460 718 1542 repetita
732 1458 856 1522 Latinus
992 1513 996 1522 .
1073 1463 1135 1523 100

161 1556 291 1621 Nomina
306 1581 373 1621 cum
388 1571 515 1641 sceptro.
561 1557 684 1621 Clarum
698 1557 774 1620 subit
790 1556 870 1619 Alba
884 1556 1041 1621 Latinum:

162 1655 268 1739 Epiros
283 1677 322 1718 ex
336 1655 386 1718 illo
401 1669 462 1718 est:
485 1656 645 1740 posthunc
660 1654 865 1738 Capetusque,
881 1653 1045 1740 Capysque
1054 1677 1063 1734 ;

162 1754 224 1817 Sed
239 1753 343 1838 Capys
359 1754 426 1816 ante
443 1753 506 1816 suit.
551 1752 691 1836 Regnum
707 1752 865 1822 Tiberinus
880 1752 987 1816 abillis

162 1850 272 1935 Cepit;
295 1851 368 1913 etin
383 1849 476 1913 Tusci
491 1851 642 1913 demersus
657 1850 785 1913 fluminis
799 1850 884 1913 undis

162 1947 292 2011 Nomina
305 1947 375 2010 fecit
390 1969 483 2032 aque.
528 1947 578 2010 De
595 1969 654 2031 quo
669 1947 885 2031 Remulusque,
900 1946 1046 2032 feroxque
1060 1949 1135 2010 Ἶ105

60 2036 64 2043 ’
162 2046 275 2109 Acrota
288 2059 356 2109 sunt
370 2045 477 2127 geniti:
502 2044 649 2109 Remulus
664 2046 803 2109 maturior
817 2045 900 2108 annis

163 2143 321 2207 Fulmineo
337 2144 431 2228 periit,
447 2144 574 2207 imitator
588 2142 727 2221 fulminis,
742 2144 813 2207 ictu.

163 2239 266 2305 Fratre
282 2264 336 2304 suo
350 2256 499 2325 sceptrum
513 2241 690 2304 moderatior
704 2241 816 2305 Acrota
829 2241 895 2305 forti

161 2339 267 2402 Tradit
282 2340 449 2403 Aventino:
474 2339 523 2422 qui
538 2360 597 2423 quo
612 2339 758 2421 regnirat‚
773 2339 879 2402 eodem

163 2438 268 2502 Monte
280 2437 361 2524 jacet
376 2438 505 2521 positus;
526 2437 683 2520 tribuitque
699 2436 843 2500 vocabula
859 2437 963 2502 monti.
1074 2441 1136 2503 110

162 2535 289 2621 Jamque
305 2535 445 2599 Palatinae
459 2556 605 2599 summam
620 2534 716 2598 Proca
731 2535 825 2618 gentis
840 2535 978 2600 babebat.

152 2623 249 2716 'Rege
265 2635 319 2695 sub
334 2635 391 2695 hoc
406 2633 541 2695 Pomona
556 2633 626 2695 suit:
650 2633 709 2716 qud
723 2633 804 2696 nulle
818 2632 940 2697 Latinas

166 2732 244 2794 lnter
258 2731 484 2812 Hamadryadas
498 2731 588 2793 coluit
602 2720 750 2793 sollertibs¹
760 2732 871 2810 hortos,

162 2829 192 2892 N
195 2852 230 2892 ec
246 2828 299 2891 suit
315 2829 426 2890 arborei
442 2829 596 2891 studiosior
609 2829 699 2891 alteru
713 2827 820 2893 foetirs:

115 2973 117 2978 ,
163 2926 252 2990 Unde
267 2939 349 2988 tenet
363 2947 483 2990 nomen.
530 2925 599 2989 Non
615 2926 701 2989 silves
717 2926 775 3005 illa,
790 2950 848 2991 nec
866 2949 986 3006 amnes3
1075 2929 1144 2990 115

163 3024 228 3090 Rus
244 3037 333 3100 amat,
348 3037 379 3084 et
393 3029 499 3099 ramos,
515 3023 609 3086 felicia
625 3024 865 3108 pomaferentes.

165 3121 230 3186 Nec
241 3121 340 3207 jaculo
355 3121 451 3202 gravis
466 3135 521 3196 est,
535 3121 587 3182 sed
603 3122 718 3184 adunci
732 3122 854 3186 dextera
870 3123 965 3189 falce:

164 3218 237 3293 Qut
251 3219 341 3282 modb
356 3218 502 3280 luxuriem
518 3219 635 3301 premit,
651 3232 681 3281 et
695 3220 849 3302 spatiantia
863 3223 971 3306 passim

164 3318 292 3382 Brachia
305 3317 485 3400 compescit:
509 3317 575 3378 fisse
589 3317 678 3380 modo
692 3319 802 3381 cortice
818 3319 929 3405 virgam

165 3415 279 3493 Inserit,
295 3428 325 3478 et
339 3437 442 3478 succos
459 3415 554 3477 alieno
570 3429 686 3498 prestat
701 3417 830 3479 alumno.
1077 3417 1152 3494 120·

165 3511 230 3576 Nec
246 3514 355 3597 patitur
368 3513 475 3577 sentire
490 3512 584 3575 sitim:
602 3513 771 3598 bibulaeque
787 3536 924 3578 recurvas

168 3609 287 3674 Radicis
300 3611 387 3674 fibras
400 3611 565 3674 labentibus
578 3610 675 3694 irrigat
688 3611 786 3674 undis.
