2536 4252
155 391 248 468 1³63
463 400 820 451 uuruuouruosuou.

152 547 233 612 Cium
248 571 362 612 memor
377 550 429 612 has
445 550 530 634 pinus
546 550 626 613 ldaeo
640 551 750 613 vertice
764 574 855 614 caesas

61 714 69 725 .
151 646 261 710 Sancta
277 648 366 710 detim
381 649 518 730 genitrix,
533 649 685 711 tinnitibus
698 652 769 711 ae'ra
783 651 859 733 pulsi
908 666 912 677 ·

151 744 242 824 AEris,
258 760 289 809 et
303 745 394 808 inflati
409 747 571 830 complevit
586 768 735 809 murmure
750 747 834 810 buxi.

151 841 271 927 Perque
287 843 370 928 leves
385 844 500 909 domitis
515 845 633 907 invecta
647 844 782 907 leonibus
798 835 899 925 auras‚'
1086 853 1131 915 30

151 936 253 1001 ‘Irrita
268 939 410 1023 sacrilegi
420 939 516 1024 jactas
531 940 667 1003 incendia
681 939 797 1018 dextra,

150 1033 276 1115 Tume,'
293 1037 343 1100 ait.
389 1037 560 1122 ‘Eripiam3
582 1059 649 1115 nec,
665 1060 714 1101 me
730 1039 872 1122 patiente,
886 1040 1029 1106 cremabit

152 1133 230 1217 Ignis
245 1137 324 1198 edax
338 1157 491 1199 nemorum
507 1151 605 1220 partes
620 1149 650 1199 et
664 1137 798 1200 membra
811 1139 968 1201 meorum?

152 1231 280 1297 intonuit
295 1235 412 1297 dicente
427 1232 501 1297 dea:
521 1235 722 1318 tonitrumque
737 1235 830 1298 secuti
855 1251 857 1256 ·
1021 1319 1026 1328 .

150 1333 231 1398 Cum
247 1337 370 1399 saliente
385 1357 488 1418 graves
502 1335 673 1398 ceciderunt
687 1336 827 1418 grandine
841 1337 951 1401 nimbi:
1087 1342 1130 1404 35

149 1432 301 1517 Aeraque,
316 1448 346 1497 et
360 1435 462 1498 subitis
476 1434 623 1497 tumidum
637 1434 825 1507 concursibus
839 1426 941 1521 ¹aeqtmr

150 1530 257 1595 Astraei
271 1532 398 1610 turbant,
414 1546 444 1595 et
459 1545 531 1594 euut
545 1532 577 1595 iu
592 1531 706 1615 proelia,
722 1531 836 1595 fratres.

151 1627 180 1690 Ε
196 1629 301 1712 quibus
315 1629 393 1692 alme
407 1650 524 1713 pareus,
539 1629 625 1692 unius
640 1629 748 1693 viribus
763 1652 826 1708 usa,

149 1725 265 1810 Stupea
279 1728 448 1811 prorumpit
462 1726 603 1812 Phrygiae
618 1727 778 1791 retinacula
792 1729 910 1792 classis:

149 1821 281 1909 Fertque
290 1839 374 1887 rates
388 1846 505 1908 pronas,
521 1824 679 1909 medioque
693 1827 748 1889 sub
763 1848 878 1910 equora
893 1827 1011 1910 mergit.
1085 1831 1128 1893 40

148 1918 271 1984 Robore
286 1922 408 1998 mollito,
423 1922 562 2007 lignoque
576 1923 606 1986 iu
620 1944 744 2008 corpora
759 1945 856 2004 verso,

149 2017 184 2082 lu
199 2019 331 2103 capitum
345 2020 452 2083 faciem
467 2014 584 2105 puppes
598 2034 749 2084 mutantur
762 2021 902 2086 adunca:

147 2116 183 2180 ln
198 2117 304 2199 digitos
319 2118 439 2195 abeunt,
455 2131 487 2182 et
500 2139 585 2182 cmra
598 2119 740 2198 nutantia,
754 2120 848 2184 remi:

147 2216 301 2301 Quodque
316 2216 397 2302 prius
411 2216 516 2295 suerat,
531 2216 607 2281 latus
621 2232 683 2282 est:
706 2219 870 2304 mediisque
884 2219 984 2284 carina
1043 2225 1045 2230 '

147 2313 270 2378 Subdita
284 2315 418 2398 navigiis,
433 2314 524 2398 spinae
538 2329 668 2378 mutatur
682 2314 712 2379 iu
727 2338 824 2379 usum.
1056 2321 1127 2383 -45
1195 2366 1199 2371 -

146 2411 224 2476 Lina
238 2435 331 2477 comte
346 2413 461 2491 molles,
476 2426 610 2476 auteunae
625 2412 742 2477 brachia
756 2414 839 2477 liunt.
1243 2411 1248 2423 “

146 2508 292 2590 Caemlus‚
307 2525 340 2574 ut
355 2509 459 2590 suerat,
473 2510 555 2574 color
568 2524 624 2574 est.
669 2509 815 2597 Quasque
826 2511 899 2595 *autb
914 2511 1067 2592 timebant,

145 2606 215 2672 Illas
231 2609 369 2692 virgineis
384 2623 527 2673 exercent
541 2609 652 2672 lusibus
667 2609 760 2672 undas
885 2620 888 2624 ’

146 2705 261 2769 Naides
277 2727 435 2791 aequoreae:
460 2706 599 2791 durisque
612 2707 641 2770 in
657 2708 805 2771 montibus
819 2722 889 2771 ortae

145 2803 240 2867 Molle
255 2803 362 2867 sretum
377 2804 546 2870 celebrant:
569 2826 626 2869 nec
642 2826 692 2868 eas
706 2827 760 2869 sua
773 2807 866 2889 tangit
880 2806 973 2890 origo.
1081 2811 1125 2873 50

146 2900 216 2964 Non
232 2917 332 2964 tamen
347 2903 454 2981 oblite,
470 2903 560 2988 quam
575 2904 668 2966 multa
682 2903 813 2988 pericula
827 2924 906 2968 saevo

145 2998 326 3062 Pertuleriut
341 2999 457 3082 pelago,
469 3000 586 3085 jactatis
601 3023 679 3085 saepe
693 3002 800 3065 carinis

145 3096 339 3180 Supposudre
354 3117 476 3160 manus:
498 3098 592 3161 nisisi
608 3119 666 3183 qua
681 3099 809 3163 vehebat
823 3101 970 3165 Achivos.

145 3193 247 3257 Cladis
263 3193 360 3257 adhuc
374 3194 513 3278 Phrygiae
528 3217 685 3274 memores,
700 3196 791 3261 oddre
807 3198 962 3283 Pelasgos.

172 3293 264 3378 'Spes
279 3307 351 3371 erat,
366 3293 394 3355 in
411 3295 559 3376 nymphas
574 3294 701 3359 animati
715 3297 808 3359 classe
823 3297 961 3376 marinas,
1080 3297 1123 3360 55

144 3390 237 3454 Posse
253 3405 334 3454 metu
349 3391 470 3454 monstri
484 3392 632 3455 Rutulum
647 3393 788 3458 desistere
802 3395 892 3459 hello.

144 3488 271 3566 Perstat,
287 3490 435 3575 habetque
451 3489 523 3552 deos
538 3512 604 3574 pars
619 3506 760 3576 utraque:
785 3493 895 3578 quique
911 3493 1036 3558 deorum

143 3586 247 3663 Instar,
262 3587 371 3651 hahent
386 3589 509 3652 animos.
554 3588 622 3652 Nec
633 3589 696 3675 jam
711 3591 820 3655 dotalia
832 3613 934 3676 regua,
