2536 4252
531 415 639 466 LIBER
655 415 730 467 XIII.

145 566 293 646 Prodere:
317 580 347 630 et
363 566 468 630 edidici
483 566 552 650 quid
568 565 680 650 perfida
693 564 785 651 Troja
799 581 925 650 pararat.

144 665 254 729 Omnia
267 665 443 748 cognbram:
466 685 533 741 neo,
550 664 628 747 quod
642 663 820 746 specularer,
834 664 998 745 habebam:

144 763 186 826 Et
201 762 259 842 iam
276 761 429 848 praemissb
444 774 576 845 poteram
590 783 660 824 eum
675 762 762 824 laude
777 763 894 826 reverti.
909 784 911 788 “

144 860 235 924 Haud
250 874 405 923 contentus
420 859 467 937 ei,
483 859 554 942 petii
570 859 694 921 tentoria
710 859 818 937 Rhesi,

144 956 239 1043 Inque
254 958 313 1020 suis
328 958 424 1041 ipsum
438 952 540 1019 castris
554 957 738 1040 comitesque
753 956 876 1040 peremi.
1056 960 1120 1021 5250
1202 964 1211 988 ¹

144 1057 247 1141 Atque
262 1056 303 1119 ita
316 1056 435 1139 captivo
451 1056 543 1118 victor
558 1055 692 1140 votisque
707 1055 851 1139 potitus„

145 1153 297 1236 Ingrediar
308 1172 395 1216 curru
409 1153 491 1216 latos
507 1153 837 1238 imitante-triumphos,
928 1188 934 1214 t

145 1249 241 1335 Cujus
256 1272 348 1335 equos
363 1251 491 1334 pretium
505 1272 560 1333 pro
574 1264 662 1312 nocte
678 1264 853 1333 poposcerat
867 1251 970 1314 hostis.

144 1348 240 1411 Arma
253 1361 359 1430 negate
373 1348 464 1410 mihi:
487 1346 632 1431 fueritque
646 1346 800 1428 benignior
814 1345 907 1432 Ajax.

189 1445 273 1520 Quid
287 1445 376 1529 Lycii
390 1444 515 1507 reseram
529 1435 708 1528 Sarpedonis
724 1444 841 1528 agmina
854 1443 930 1507 serra
1058 1446 1121 1509 255

146 1543 310 1606 Devastata
323 1545 413 1605 meo?
435 1541 517 1605 Cum
532 1542 626 1605 multo
640 1543 781 1625 sauguine
796 1540 856 1605 sudi

146 1640 308 1718 Coeranon,
324 1638 519 1724 Hippasiden,
535 1652 566 1702 et
579 1639 787 1724 Alastoraque,
802 1637 1049 1724 Chromiumque,

146 1737 399 1823 Alcandrumque,
415 1735 607 1821 Haliumque,
622 1735 851 1821 Noemonaque,
864 1734 1079 1821 Prytaninque,

147 1835 309 1920 Exitioque
325 1836 392 1899 dedi
408 1857 477 1899 cum
493 1833 741 1898 Chersidamante
755 1833 894 1912 Thoona,

147 1932 190 1998 Et
203 1933 376 2019 Charopen,
391 1933 516 2019 latisque
530 1933 690 1997 immitibus
705 1932 865 1997 Ennomon
880 1945 1000 1997 actum:
1057 1933 1124 1996 260
1166 2004 1168 2007 ⁸

147 2031 270 2118 Quique
284 2032 380 2095 minbs
395 2031 528 2095 celebres
542 2033 642 2094 uostris
656 2031 711 2094 sub
726 2030 873 2094 moenibus
888 2030 967 2093 urbis

147 2129 338 2193 procubuere
353 2151 453 2193 manu.
497 2129 573 2192 Sunt
588 2143 619 2192 et
633 2129 705 2192 mihi
719 2129 852 2205 vulnera,
865 2127 958 2205 cives,

63 2272 68 2281 .
147 2224 217 2310 Ipso
232 2227 356 2310 pulchra
368 2228 453 2291 locos
475 2247 532 2291 uec
547 2225 629 2289 vanis
642 2225 754 2289 credite
770 2224 887 2289 verbis:
940 2308 944 2313 Ι

148 2324 283 2408 Aspicite
299 2346 335 2388 en
349 2324 371 2389 I'
398 2324 586 2410 (vestemque
600 2345 689 2386 manu
704 2320 832 2410 diducit)
849 2337 891 2401 et,
905 2319 1000 2386 ‘Hac
1013 2335 1082 2384 sunt

148 2422 276 2486 Pectora
289 2421 428 2506 semper,'
445 2420 631 2497 ait,‘vestn‘s
645 2420 777 2483 exercita
790 2421 887 2483 rebus.
976 2453 977 2459 κ
1060 2418 1125 2483 265
1200 2410 1205 2416 ¹

148 2519 192 2582 At
206 2519 276 2582 nihil
293 2516 437 2602 impendit
452 2536 506 2601 per
519 2530 563 2580 tot
577 2515 770 2579 Telamonius
784 2512 877 2580 annos

149 2615 305 2698 Sanguinis
321 2615 350 2677 in
365 2613 480 2677 socios:
502 2627 534 2676 et
548 2613 638 2676 habet
651 2613 714 2677 sine
729 2613 850 2677 vulnere
864 2633 982 2699 corpus.

193 2712 277 2786 Quid
293 2725 392 2775 tamen
407 2711 465 2775 hoc
479 2710 578 2789 refert,
592 2711 617 2774 si
631 2732 664 2774 se
679 2733 732 2796 pro
746 2711 841 2776 classe
855 2710 985 2795 Pelasgi

149 2812 243 2875 Arma
256 2810 358 2873 tulisse
371 2808 459 2873 resett
472 2821 574 2872 contra
588 2808 743 2894 Troasque
756 2808 777 2872 J
779 2808 948 2894 ovemque?

150 2909 372 2993 Confiteorque,
386 2908 472 2971 tulit:
495 2908 686 2991 nequeenim
701 2907 779 2970 bene
794 2905 871 2971 sacta
884 2906 1012 2990 maligni
1062 2909 1127 2972 Q'm

150 3006 326 3070 Detrectare
342 3027 443 3069 meum
458 3019 521 3068 est:
544 3004 598 3068 sed
613 3003 946 3072 uecoommnniasolus
1022 3084 1024 3088 Α
1111 3006 1115 3014 ’

150 3103 299 3186 Occupet,
315 3117 403 3186 atque
417 3102 545 3187 aliquem
561 3102 643 3167 vobis
658 3123 776 3188 quoque
791 3102 895 3166 reddat
909 3103 1063 3167 honorem.

150 3200 276 3282 Repulit
292 3200 457 3276 Actorides,
471 3200 526 3267 sub
541 3200 667 3281 imagine
682 3213 762 3263 tutus
778 3193 917 3278 Achillis,

151 3297 248 3360 Troas
263 3298 300 3359 ab
315 3297 420 3359 arsuris
433 3317 504 3358 cum
518 3295 672 3358 defensore
686 3298 802 3360 cannis.

154 3397 271 3457 Ausum
285 3395 374 3457 etiam
390 3391 541 3456 Hectoreo
556 3392 652 3455 solum
666 3406 840 3458 concurrere
855 3392 945 3457 Marti
1062 3394 1128 3459 27⁵

151 3493 192 3555 Se
208 3507 301 3577 putat,
317 3493 424 3555 oblitus
438 3491 584 3575 regisque,
599 3492 778 3576 ducumque,
793 3491 931 3576 meique3

151 3587 256 3655 Nonus
271 3591 300 3654 in
321 3590 429 3667 officia,
444 3603 474 3653 et
489 3591 624 3673 praelatus
638 3610 761 3652 munere
775 3588 871 3652 sortis.
