2536 4252
131 390 192 452 176
489 392 573 456 nun,
596 391 740 442 nonen.

128 545 199 611 Non
213 542 351 629 equidem
366 541 503 604 invideo:
526 543 669 627 numquid
683 557 783 604 tamen
797 543 859 607 ulla
873 543 984 628 feritur,

169 643 248 718 Quae
263 641 366 704 sterilis
381 639 444 702 soli
457 640 665 724 conspicienda
679 639 768 720 cornia¹
781 644 848 705 est?
1060 652 1105 716 30

127 742 250 807 Gemite
265 740 393 802 sinceros
409 759 512 800 omnes
528 759 567 800 ex
582 737 684 801 ordine
699 751 828 818 truncos,

169 839 232 914 Qui
247 837 336 900 inodo
350 836 402 913 nil,
418 857 507 920 quare
523 835 732 919 percutientem
748 837 869 901 habent.

127 939 170 1002 At
184 936 255 999 mihi
270 956 347 998 saeva
361 948 469 996 nocent
484 933 621 995 mutilatis
637 934 759 996 vulnera
773 937 878 1013 ramis;

167 1033 316 1117 Nudaque
332 1030 448 1117 dejecti
460 1032 569 1093 cortice
583 1031 661 1114 ligna
675 1045 788 1115 potent=

127 1133 195 1196 Non
212 1132 311 1194 odium
326 1129 395 1196 iacit
409 1130 476 1205 hoo,
492 1128 545 1190 sed
559 1150 627 1212 spes
643 1129 756 1192 indulta
769 1130 888 1215 rapinae.
1058 1139 1091 1201 32

79 1229 98 1262 ‘
169 1228 340 1293 Sustineant
355 1227 417 1289 aliae
433 1248 539 1309 poma3
563 1241 722 1311 querentur
736 1227 826 1291 idem.

125 1327 176 1391 Sic
191 1349 257 1390 reus
272 1326 320 1389 ille
335 1323 396 1387 sere
412 1316 467 1402 est,
484 1325 521 1386 de
538 1347 596 1409 quo
613 1325 732 1388 victoria
747 1327 829 1389 lucro

91 1477 93 1480 Α
168 1425 244 1488 Esse
259 1436 375 1508 potest:
399 1423 493 1506 inopis
509 1422 623 1484 vindice
640 1422 716 1486 sacta
730 1439 842 1487 carent.

125 1524 176 1586 Sic
190 1523 274 1585 timet
288 1520 415 1597 insidias,
431 1520 479 1604 qui
494 1521 549 1582 scit
563 1542 595 1581 se
611 1520 685 1583 serre
700 1521 803 1599 viator,
832 1550 835 1556 ’
865 1589 885 1600 ἢ,

76 1614 79 1618 ”
167 1619 227 1683 Cui
241 1619 360 1680 timeat:
383 1630 479 1679 tutum
494 1618 589 1700 carpit
602 1618 694 1680 inanis
710 1619 774 1682 iter.
1056 1624 1101 1688 «10
1181 1629 1182 1633 ’

124 1717 175 1779 Sic
190 1737 246 1799 ego
260 1715 322 1777 sola
336 1728 439 1798 petor3
461 1715 514 1777 soli
530 1716 598 1798 quia
611 1737 701 1779 causa
715 1717 836 1799 petendi
850 1731 907 1781 est.

166 1812 331 1876 Frondibus
347 1812 461 1874 intactis
476 1826 580 1874 caetera
594 1813 679 1877 turba
693 1814 814 1877 virente

125 1908 204 1973 Nam
220 1910 300 1994 quod
314 1910 425 1972 habent
441 1909 558 1972 frutices
574 1911 621 1972 alii
637 1933 755 1996 quoque
770 1911 906 2002 proxima
918 1911 1003 1976 nobis

166 2006 334 2092 Fragmina‚
349 2007 497 2090 quaeiaeso
511 2007 619 2069 vimine
635 2009 728 2072 multa
739 2009 859 2095 jacent3

124 2105 192 2169 Non
208 2106 267 2169 istis
282 2126 335 2168 sua
349 2105 427 2168 sactu
440 2120 566 2169 nocent:
590 2106 695 2170 vicinia
710 2108 818 2172 damno
833 2120 888 2172 est.
1055 2110 1100 2173 45

165 2203 329 2287 Excipiunt
343 2204 402 2267 ictu
417 2225 490 2267 saxa
504 2204 623 2290 repulsa
636 2227 716 2296 tneo.

123 2300 217 2385 idque
230 2301 288 2363 fide
303 2314 419 2378 careat3
441 2302 550 2380 sinon,
566 2324 629 2386 quae
645 2303 758 2385 longius
774 2304 890 2381 absunt,

163 2397 306 2461 Nativum
320 2399 447 2461 retinent
462 2399 600 2462 inviolata
614 2399 715 2462 decus.

123 2495 215 2578 Ergo,
230 2497 254 2559 si
269 2497 394 2580 sapiant,
410 2511 440 2559 et
455 2511 586 2560 mentem
601 2497 690 2560 verba
706 2510 883 2582 sequantur3
945 2547 948 2552 .

163 2594 341 2657 Devoveant
356 2596 473 2658 umbras
488 2597 622 2679 proxima
638 2618 761 2681 quaeque
775 2618 867 2660 meas.
1054 2594 1098 2661 50

122 2690 224 2764 Quum
240 2693 378 2754 miserum
397 2708 451 2770 est,
466 2695 565 2756 odium
581 2694 694 2757 damnis
709 2696 851 2758 accedere
866 2694 971 2758 nostris
980 2715 990 2773 3

162 2787 276 2873 Meque
291 2810 372 2852 ream
386 2790 481 2852 nimie
495 2792 689 2874 proximitatis
703 2793 767 2874 agi!

15 2904 20 2914 ·
121 2887 193 2963 Sed,
208 2902 292 2970 puto,
307 2909 413 2970 magna
427 2889 486 2957 rnei
501 2903 547 2952 est
561 2891 686 2974 operoso
701 2911 771 2953 cura
785 2890 901 2953 colonoa

162 2983 309 3061 invenias,
325 2985 374 3068 qui
389 2986 439 3048 det
453 2988 493 3050 nil
510 2988 592 3066 mihi,
607 3002 712 3072 praeter
726 2989 861 3051 hurnurn.
1180 3073 1183 3078 .

120 3081 234 3166 Sponte
248 3082 317 3146 met
330 3081 420 3144 facilis
435 3099 607 3169 contempto
621 3109 726 3148 nascor
740 3087 769 3149 in
783 3107 871 3169 agro:
904 3090 910 3100 ”
1051 3086 1095 3151 55

162 3179 294 3263 Parsque
309 3179 375 3256 loci,
391 3179 451 3263 qui
464 3194 520 3259 sto,
535 3183 653 3265 publica
667 3183 745 3266 pene
762 3185 809 3246 via
823 3196 878 3246 est.

120 3276 184 3355 Me,
199 3290 313 3340 satane
328 3277 433 3339 ledam
451 3277 603 3364 (quoniam
618 3295 680 3343 satu
694 3281 798 3344 laedere
814 3279 921 3366 dicor),

29 3390 30 3395 ’
114 3391 117 3397 ·
160 3375 241 3438 Imus
257 3377 286 3439 in
301 3389 435 3438 extremo
449 3379 579 3460 margine
594 3379 700 3442 fundus
715 3380 815 3443 habet.

121 3472 189 3537 Non
204 3475 275 3538 mihi
291 3474 351 3538 salx
366 3474 469 3536 nimias
485 3475 620 3539 Saturnia
635 3478 756 3561 deputat
770 3478 906 3540 umbrust
976 3545 977 3548 Ἴ

161 3570 307 3634 Duratam
320 3585 443 3635 renovat
457 3593 517 3635 uon
531 3573 602 3637 mihi
617 3574 709 3637 sossor
722 3575 858 3639 humum.
1050 3574 1094 3640 60
1153 3583 1163 3648 ,’

119 3666 190 3744 Sole
204 3668 274 3733 licet
287 3669 425 3737 siccioue
439 3669 487 3734 siti
501 3671 630 3755 peritura
643 3671 792 3747 lahorem
