2536 4252
564 446 672 529 Lrnntt
696 448 717 498 1.

149 599 202 661 llla
216 599 304 661 etiam
320 599 449 683 supplex
464 599 546 682 Argo
560 599 630 662 crim
644 592 764 662 brachia
779 598 870 662 vellet

151 692 287 760 Tendere
302 719 309 774 3
332 721 389 760 non
406 698 518 774 habuit,
534 720 598 782 quae
612 697 731 760 brachia
745 697 879 760 tenderet
894 696 996 780 Argo:

114 816 116 818 ·
149 795 325 880 Conatoque
341 797 423 880 queri
438 796 567 878 mugitus
582 795 675 858 edidit
689 817 757 858 ore:

64 883 69 891 Χ
150 893 363 977 pertimuitque
378 914 482 956 sonos:
507 893 684 979 propriique
700 893 840 957 exterrita
854 914 929 957 voce
945 907 1000 957 est.
1061 894 1126 958 520

192 990 283 1053 Venit
298 1005 328 1054 et
344 992 379 1053 ad
395 991 483 1075 ripas,
498 991 548 1054 ubi
564 990 666 1054 ludere
681 1013 759 1076 saepe
774 993 897 1069 solebat,

41 1077 50 1093 ’
149 1088 301 1152 lnaclridas
316 1090 410 1174 ripas:
433 1112 569 1175 novaque
584 1090 786 1174 ut'conspexit
802 1091 831 1154 in
846 1088 927 1153 unda

147 1185 279 1264 Cornua,
295 1188 455 1270 pertimuit,
471 1210 562 1273 seque
577 1197 731 1251 externata
745 1187 862 1272 refugit.

150 1283 259 1371 Naides
275 1286 418 1368 ignorant,
434 1287 546 1370 ignorat
562 1301 592 1349 et
606 1285 734 1349 Inachus
749 1287 824 1370 ipse,

147 1382 224 1456 Quae
239 1384 286 1446 sit.
332 1385 375 1446 Ar
390 1384 439 1447 illa
453 1399 568 1468 patrem
582 1385 723 1469 sequitur,
737 1385 927 1469 sequiturque
942 1398 1072 1447 sororest

151 1480 187 1541 Et
203 1483 312 1563 patitur
326 1482 415 1564 tangi,
430 1502 522 1566 seque
539 1480 747 1546 admirantibus
761 1482 857 1545 offert.
1061 1482 1125 1546 526

149 1577 314 1662 Decerptas
329 1580 427 1641 senior
440 1594 612 1663 porrexerat
627 1579 755 1643 Inachus
770 1579 894 1659 herbas,

148 1675 200 1738 llla
215 1698 318 1741 manus
333 1678 444 1755 lambit,
461 1677 618 1763 patriisque
635 1678 684 1742 dat
699 1679 801 1743 oscula
815 1677 938 1765 palmis3

148 1772 175 1836 N
177 1795 212 1837 eo
226 1776 332 1839 retinet
346 1777 508 1861 lacrymas:
532 1789 572 1854 et,
588 1775 611 1839 si
626 1776 716 1839 modb
732 1777 822 1840 rerba
835 1790 1006 1862 sequantur,

145 1872 220 1936 Oret
235 1896 342 1958 opem;
364 1896 533 1959 nomenque
548 1896 645 1951 suum,
660 1896 803 1960 casusque
819 1875 965 1961 loquatur.
1060 1870 1124 1941 530
1184 1925 1189 1932 -

146 1970 260 2034 Littera
275 1994 328 2056 pro
344 1971 450 2050 verbis,
466 1994 554 2058 quam
569 1994 622 2057 pes
638 1973 667 2036 in
682 1974 804 2058 pulvere
817 1973 910 2054 ducit,

145 2067 287 2152 Corporis
302 2071 442 2133 indicium
457 2071 561 2134 mutati
577 2071 658 2134 triste
673 2071 798 2155 peregit.

144 2165 217 2230 ‘Me
234 2168 372 2231 miserum
383 2168 402 2232 !'
425 2170 571 2232 exclamat
588 2182 671 2253 pater
685 2167 831 2234 Inachus:
853 2170 943 2255 inque
957 2169 1104 2253 gementis

143 2264 301 2343 Cornibus,
317 2281 347 2329 et
361 2267 455 2330 nivere
470 2267 603 2352 pendens
617 2267 734 2331 cervice
746 2267 895 2354 juvence,
1025 2339 1031 2350 ‚

144 2362 216 2427 ‘Me
232 2366 370 2428 miserum
381 2365 399 2428 l'
422 2365 592 2448 ingeminat.
637 2373 646 2403 ‘
655 2364 745 2428 Tune
760 2388 792 2429 es
808 2366 926 2450 quaesita
940 2386 995 2451 per
1008 2386 1123 2444 omnes,

144 2460 233 2537 Nata,
249 2463 322 2525 mihi
336 2465 448 2525 terras?
470 2463 520 2526 Tu
537 2485 595 2525 non
611 2462 731 2526 inventa
745 2462 865 2547 reperti
1059 2465 1123 2528 536

144 2557 258 2621 Luctus
273 2581 337 2621 eras
352 2559 455 2622 levior.
501 2559 642 2623 Retices:
665 2559 722 2623 nec
736 2574 839 2623 mutua
853 2560 958 2630 nostris

146 2653 236 2718 Dicta
251 2656 340 2720 refers
353 2678 360 2720 :
384 2657 442 2720 alto
457 2672 570 2721 tautum
586 2659 708 2742 suspiria
724 2658 823 2743 prodis
1103 2744 1105 2748 Ι

144 2753 289 2817 Pectore:
313 2752 451 2840 quodque
464 2777 555 2818 unum
571 2770 667 2842 potes,
683 2756 721 2819 ad
735 2778 803 2820 mea
817 2752 907 2821 verba
921 2776 1060 2841 remugit.

144 2850 173 2914 N
175 2874 210 2915 ec
225 2853 305 2915 finire
320 2854 389 2916 licet
404 2867 500 2916 tantos
515 2853 587 2916 mihi
602 2869 696 2918 morte
712 2855 844 2919 dolores:
1058 2856 1122 2920 540

144 2950 204 3012 Sed
220 2966 307 3014 nocet
323 2970 389 3013 esse
404 2951 511 3016 deum:
535 2953 735 3038 preclusaque
746 2953 837 3039 janua
851 2952 901 3018 leti

143 3049 301 3112 AEternum
316 3066 430 3113 nostros
445 3051 541 3114 luctus
556 3051 692 3115 extendit
707 3052 736 3115 in
751 3053 870 3116 aevum!

142 3146 230 3210 Talia
246 3149 383 3212 moerenti
398 3149 529 3213 stellatus
544 3150 711 3228 submovet,
726 3151 836 3234 Argus,

145 3245 346 3331 Ereptamque
363 3247 437 3330 patri
452 3246 567 3310 diversa
582 3247 611 3310 in
627 3269 738 3331 pascua
752 3263 851 3312 natam

146 3344 307 3408 Abstrahit.
353 3344 423 3428 lpse
439 3345 541 3428 procul
557 3345 664 3408 montis
679 3343 802 3410 sublime
817 3367 960 3410 cacumen
1057 3345 1121 3410 545

143 3441 297 3526 Occupat:
321 3443 400 3504 unde
416 3443 521 3505 sedens
538 3458 635 3526 partes
650 3445 820 3527 speculetur
833 3446 863 3507 iu
877 3445 1000 3507 omnes.'

185 3539 252 3604 Nec
267 3541 407 3624 supersim
423 3555 518 3604 rector
533 3542 610 3604 mala
626 3557 706 3605 tanta
721 3541 905 3605 Phoronidos
920 3542 998 3606 ultra

142 3633 234 3702 Ferre
249 3653 365 3726 potest:
388 3652 550 3724 natumque
567 3653 672 3718 vocat3
694 3660 785 3725 quem
799 3637 898 3704 lucida
912 3650 999 3726 partu
