2536 4252
553 343 663 392 LIBER
679 343 728 393 111.

53 568 57 573 ,
149 493 240 557 Cedit
255 493 442 576 Agenorides
458 493 597 576 paulurn:
621 494 775 578 spolioque
791 492 885 557 leonis

120 669 127 680 ἐ
149 591 281 655 Sustinet
295 593 428 655 incursus
441 613 448 669 ;
472 593 668 676 instantiaque
681 614 735 655 ora
749 592 877 656 retardat
969 608 971 614 '

148 689 284 774 Cuspide
300 690 454 775 praetenta.
499 690 526 753 F
530 691 585 754 urit
599 691 659 768 ille,
676 705 707 754 et
719 690 906 771 inaniaduro
1088 690 1131 756 60

149 788 282 852 Vulnera
297 789 347 853 dat
361 788 458 853 ferro:
481 788 646 874 frangitque
661 790 691 852 in
706 789 842 852 acumine
858 788 973 852 dentes.

146 886 275 972 Jamque
292 886 463 951 venenifero
477 888 595 980 sanguis
609 909 730 951 manare
748 888 848 972 palato

142 984 311 1068 ,Coeperat3
335 1000 365 1069 et
381 985 487 1049 virides
501 986 676 1070 adspergine
691 986 819 1048 tinxerat
834 985 956 1049 herbas:

146 1082 207 1146 Sed
223 1085 291 1147 leve
309 1085 413 1148 vulnus
429 1099 509 1149 erat:
533 1086 602 1170 quia
616 1106 649 1148 se
663 1085 835 1147 retrahebat·
846 1085 883 1148 ab
898 1083 978 1162 ictu3

146 1183 293 1268 Larsaque
309 1185 385 1247 colla
401 1174 490 1247 dabat
504 1198 599 1262 retro3
622 1184 800 1268 plagamque
814 1182 918 1246 sedere
1088 1183 1130 1244 65

72 1302 74 1307 ’
146 1280 295 1345 Cedendo
310 1273 449 1360 arcebat,
456 1306 513 1346 nec-
527 1283 642 1366 longius
657 1283 699 1345 ire
714 1282 846 1344 sinebat:
892 1320 896 1325 ·

146 1379 255 1442 Donec
270 1380 458 1463 Agenorides
472 1380 641 1465 conjectum
656 1381 686 1442 in
701 1393 819 1461 gutture
835 1377 944 1442 sermm

146 1476 252 1561 Usque
268 1499 396 1562 sequens
411 1478 527 1562 pressit,
542 1477 613 1540 dum
629 1491 706 1541 retro
722 1499 847 1561 quercus
862 1477 944 1540 eunti

146 1575 287 1654 Obstitit3
310 1591 340 1639 et
355 1577 416 1639 fixa
431 1592 476 1640 est
490 1576 598 1661 pariter
611 1599 680 1640 cum
695 1577 799 1641 robore
813 1576 928 1640 cervix.

146 1674 284 1736 Pondere
300 1676 445 1758 serpentis
459 1688 581 1739 curvata
596 1688 641 1738 est
656 1676 751 1753 arbor,
767 1689 798 1738 et
812 1675 877 1739 imre
1087 1679 1133 1742 70

146 1773 235 1836 Parte
251 1774 392 1857 flagellari
407 1774 521 1858 gemuit
535 1795 589 1838 sua
602 1774 707 1860 robora
720 1773 834 1838 caude.
939 1767 941 1770 ’

187 1872 272 1936 Dum
286 1874 415 1958 spatium
430 1873 525 1937 victor
538 1874 609 1937 victi
623 1872 789 1937 considerat
804 1872 914 1952 hostis3

147 1969 218 2033 Vox
232 1971 331 2053 subitb
346 1973 445 2035 audita
460 1985 523 2035 est:
549 1972 662 2058 (neque
677 1984 741 2034 erat
754 1993 934 2055 cognoscere
949 1979 1122 2057 promptum
1230 1986 1237 2000 ‘

144 2067 253 2148 Unde3
276 2071 329 2133 sed
345 2071 445 2134 audita
459 2069 520 2158 est)
538 2069 652 2149 ‘Quid
668 2071 810 2154 Agenore
825 2083 906 2149 uate,
920 2084 1111 2157 peremptum

144 2167 323 2252 Serpentem
338 2171 478 2252 spectas?
500 2183 532 2232 et
546 2182 578 2233 tu
592 2169 767 2253 spectabere
782 2169 927 2253 serpens'
1085 2170 1130 2234 75

144 2264 199 2328 Ille
215 2267 265 2329 diu
280 2267 420 2355 paviduS,
433 2267 544 2351 pariter
556 2289 626 2330 cum
640 2259 742 2330 mente
757 2267 888 2331 colorem

144 2364 335 2443 Perdiderat3
358 2366 517 2450 gelidoque
531 2388 623 2430 comae
639 2379 750 2429 terrore
764 2365 909 2449 rigebant.

188 2461 270 2525 Eece
287 2463 340 2525 viri
355 2463 475 2550 fautrix,
490 2480 611 2546 superas
626 2462 750 2546 delapsa
763 2483 818 2546 per
832 2483 928 2541 auras,

144 2549 244 2621 Pallas
260 2561 362 2623 adest:
386 2574 533 2645 motaque
545 2559 631 2645 jubet
645 2581 814 2644 supponere
830 2574 914 2625 terre

145 2656 293 2742 Vipereos
308 2658 425 2736 dentes,
440 2659 544 2743 populi
558 2659 740 2722 incrementa
755 2658 855 2723 futuri.
1085 2661 1130 2726 8⁰

145 2756 251 2820 Paret:
276 2771 307 2821 et
321 2770 354 2821 ut
370 2779 472 2842 presso
486 2759 602 2821 sulcum
618 2757 759 2843 patefecit
773 2772 881 2838 aratro,

144 2855 262 2940 Spargit
277 2857 360 2920 humi
370 2856 479 2942 jussos,
494 2853 627 2921 mortalia
642 2857 766 2935 semina,
781 2858 897 2921 dentes.

143 2952 217 3016 Inde
236 2954 309 3041 (fide
322 2953 434 3041 majus)
451 2955 544 3038 gleba
560 2955 682 3040 coepdre
696 2955 825 3019 moveri:

143 3051 304 3139 Primaque
321 3054 359 3116 de
373 3054 462 3117 sulcis
477 3054 555 3118 acies
570 3054 707 3138 apparuit
722 3055 824 3118 hasta.

143 3149 291 3233 Tegmina
306 3174 378 3214 mox
392 3152 523 3237 capitum
539 3153 620 3237 picto
634 3153 768 3216 nutantia
781 3174 876 3218 cono:
1084 3155 1127 3219 85

66 3284 68 3288 ·
144 3247 221 3311 Mox
238 3250 354 3313 humeri
369 3264 545 3334 pectusque,
560 3265 740 3337 onerataque
754 3251 875 3316 brachia
888 3251 955 3316 telis

144 3341 318 3410 Exsistunt:
341 3348 507 3432 crescitque
521 3369 608 3431 seges
622 3350 764 3435 clypeata
778 3351 917 3414 virorum.

144 3446 205 3524 Sic,
221 3448 271 3510 ubi
286 3448 428 3511 tolluntur
441 3447 522 3512 sestis
537 3449 630 3512 aulaea
642 3450 775 3530 theatris,

398 3549 421 3610 4
