2536 4252
482 388 834 446 unramoarflosuon

554 637 696 706 LIBER
719 637 761 703 li.

482 870 715 921 ΡΗΔΕΤΗΟΝΤΙΒ
738 869 834 912 11035.

621 1069 652 1112 r.
670 1050 699 1113 1.

169 1232 268 1318 Regia
282 1233 361 1300 Solis
376 1246 439 1299 erat
453 1232 626 1298 sublimibus
640 1231 701 1295 alta
714 1231 872 1311 columnis,

168 1331 259 1397 Clara
273 1332 402 1397 micante
416 1353 500 1410 auro,
514 1331 709 1416 flammasque
724 1330 856 1395 imitante
871 1350 989 1414 pyropo
997 1350 1009 1394 a

167 1429 267 1521 Cujus
281 1431 355 1495 ebur
368 1430 494 1497 nitidum
508 1428 623 1512 fastigia
636 1450 754 1493 summa
768 1428 905 1494 tenebat:

172 1529 297 1612 Argenti
310 1528 419 1596 bifores
433 1528 585 1592 radiabant
598 1528 710 1591 lumine
727 1527 830 1591 valva.

169 1628 329 1693 Materiem
343 1629 503 1714 superabat
516 1650 602 1713 opus,
617 1649 687 1700 nam
702 1626 853 1695 Mulciber
866 1627 926 1694 illic
1081 1633 1084 1643 '
1130 1629 1154 1699 5

122 1746 126 1753 ’
168 1727 304 1812 AEquora
318 1727 446 1807 celarat,
460 1726 573 1791 medias
587 1726 735 1810 cingentia
751 1741 853 1805 terras,

168 1825 391 1916 Terrarumque
405 1827 520 1904 orbem
534 1825 718 1911 coelumque,
734 1825 813 1910 quod
828 1824 962 1890 imminet
975 1823 1050 1895 orbi.

162 1923 323 1998 Caruleos
337 1925 428 1990 habet
441 1923 522 1988 unda
533 1923 624 2002 deos3
645 1923 771 1991 Tritona
783 1946 936 2003 canorum,

170 2021 340 2109 Proteaque
355 2023 537 2107 ambiguum,
551 2023 789 2108 balaenarumque
805 2038 992 2108 prementem

168 2121 313 2204 AEgaeona
326 2121 387 2187 suis
401 2121 541 2189 inmania
555 2135 638 2204 terga
652 2120 780 2200 lacertis,
1111 2124 1153 2191 1⁰

169 2220 354 2306 Doridaque,
370 2235 400 2285 et
414 2235 515 2286 natas:
539 2241 662 2306 quarum
678 2241 745 2303 pars
760 2241 831 2287 nare
846 2219 993 2300 videntur,

168 2318 243 2383 Pars
257 2319 287 2383 in
302 2318 381 2383 mole
395 2319 503 2383 sedens
518 2319 625 2383 virides
638 2318 750 2383 siccare
764 2319 907 2403 capillum

167 2416 257 2484 Pisce
272 2418 342 2481 vehi
357 2418 503 2503 quadam.
548 2416 656 2482 Facies
670 2439 730 2480 non
746 2407 883 2481 omnibus
897 2440 969 2496 una,

168 2513 235 2580 Nec
251 2516 367 2580 diversa
381 2530 499 2584 tamen:
524 2516 641 2602 qualern
658 2515 746 2581 decet
760 2537 826 2580 esse
841 2538 985 2583 sororum.

166 2614 263 2678 Terra
279 2615 366 2693 viros,
382 2616 529 2699 urbesque
544 2615 629 2698 gerit,
644 2615 804 2700 silvasque,
819 2614 965 2701 serasque,
1111 2618 1153 2683 l'o'
1226 2678 1229 2684 .

167 2710 379 2797 Fluminaque,
394 2727 425 2775 et
439 2714 599 2796 nymphae,
615 2725 646 2776 et
659 2727 765 2776 caetera
779 2715 901 2778 numina
914 2715 998 2779 ruris.

168 2809 244 2873 Haec
258 2831 349 2894 super
363 2809 501 2894 imposita
515 2824 561 2872 cst
574 2811 644 2874 coeli
659 2809 797 2893 fulgentis
812 2812 927 2896 imago:

167 2907 319 3022 Signague
334 2929 390 2971 sex
404 2907 513 2972 soribus
529 2909 651 2988 dextris,
666 2910 849 2996 totidemque
864 2911 996 2975 sinistris.

211 3004 285 3079 Quo
299 3005 385 3091 simul
401 3005 710 3091 acclivoCIymcnei'a
724 3008 816 3071 limite
832 3010 930 3093 proles

168 3085 272 3181 Veiit,
288 3117 319 3167 et
333 3104 451 3167 intravit
466 3105 590 3167 dubitati
605 3120 684 3168 tecta
698 3109 848 3189 parentis;
1107 3110 1152 3174 20

167 3201 307 3265 Protinus
323 3202 360 3265 ad
375 3202 483 3287 patrios
498 3224 551 3265 sua
565 3202 620 3266 sert
635 3206 757 3287 vestigia
773 3207 890 3270 vuitus:

168 3299 372 3385 Consistitque
388 3302 508 3384 procul:
532 3304 725 3386 nequeenim
742 3304 879 3390 propiora
894 3304 1006 3370 serebat

168 3397 309 3461 Lumina.
353 3397 511 3484 Purpureai
526 3400 640 3463 velatus
657 3417 738 3465 veste
754 3405 877 3467 sedebat

168 3495 204 3559 ln
219 3497 293 3558 solio
308 3495 452 3573 Phoebus,
468 3498 554 3559 claris
569 3498 687 3562 lucente
703 3502 874 3584 smaragdis.

169 3594 203 3679 A>
213 3594 329 3673 dextri,
344 3595 478 3681 laevaique
495 3595 581 3675 Dies,
597 3597 769 3677 etMensis,
785 3613 815 3663 et
829 3600 948 3681 Annus,
1096 3602 1150 3684 ,25
