2536 4252
511 385 620 452 arnna
642 373 717 451 xm.

485 772 626 838 LIBER
650 772 742 838 XIII.
834 778 837 786 '

153 992 328 1038 certamina
350 992 453 1034 INTER
474 991 599 1035 noenu
620 990 663 1032 m·
684 990 830 1033 abissent
850 991 895 1034 ΒΕ
917 990 1072 1036 temtus

561 1088 669 1132 ARMIS.

574 1272 609 1314 v.
624 1255 653 1314 1.

125 1439 299 1503 Consedere
316 1439 423 1501 duces:
448 1449 490 1513 et,
505 1401 696 1517 vulgistante
710 1434 830 1514 comni,

124 1537 223 1620 Surgit
238 1537 275 1599 ad
291 1537 345 1599 hos
359 1535 458 1619 clypei
474 1533 609 1597 dominns
623 1533 825 1618 septemplicis
839 1531 934 1619 Ajax.

124 1634 226 1721 thue
241 1649 303 1698 erat
317 1633 474 1717 impatiens
488 1652 547 1709 rrae,
564 1630 666 1714 Sigeia
680 1646 764 1694 torvo
868 1675 871 1681 ·

124 1733 239 1795 Littora
253 1731 395 1816 respexit,
409 1730 595 1814 classemque
609 1729 639 1792 in
654 1729 761 1807 littore,
778 1720 879 1794 vulta:
931 1732 932 1735 ’

125 1830 343 1913 Intendensqne
359 1849 473 1906 manus,
489 1827 648 1910 ‘Agimus
664 1828 719 1912 prd
737 1827 877 1912 Jupiter:
892 1827 987 1914 inquit
1082 1829 1105 1894 5

124 1931 225 1991 ‘Ante
240 1941 316 1990 rates
331 1947 470 2004 causam3
493 1939 524 1988 et
538 1947 657 1990 mecum
673 1924 823 1989 confertur
837 1925 982 2010 Ulysses!

125 2027 167 2089 At
182 2049 240 2089 non
257 2025 414 2088 Hectoreis
429 2024 574 2087 dubitavit
587 2024 696 2088 cedere
711 2023 854 2089 flammis:

124 2123 211 2198 Quas
227 2146 283 2207 ego
298 2122 440 2198 sustinui3
463 2143 535 2205 quas
550 2121 608 2191 hdo
622 2142 640 2183 a
654 2123 747 2184 classe
764 2119 873 2204 fugavi.

123 2222 231 2284 Tutius
247 2236 291 2285 est
306 2220 380 2284 fictis
395 2220 480 2302 igitur
494 2219 675 2282 contendere
692 2219 798 2295 verbio,

124 2318 227 2393 Quam
243 2339 381 2403 pugnare
391 2339 491 2402 manu.
536 2317 599 2380 Sed
614 2339 671 2380 nec
685 2316 758 2379 milri
773 2316 872 2380 dicere
887 2329 1069 2402 promptum,

124 2416 190 2480 Nec
208 2416 305 2480 sacere
320 2431 365 2479 est
380 2416 445 2478 isti:
469 2420 671 2498 qaantquue
686 2435 742 2496 ego
758 2412 856 2476 Marte
875 2413 976 2493 feroci,
1065 2417 1101 2480 11
1136 2422 1140 2435 “

124 2514 280 2589 Quantum
295 2514 359 2575 acie
375 2513 472 2590 valeo,
487 2526 601 2574 tantum
617 2511 695 2574 valet
710 2512 764 2574 iste
779 2510 939 2595 loquendo.

124 2613 191 2676 Nec
206 2611 399 2674 memoranda
414 2626 514 2672 tamen
530 2608 612 2672 vobis
627 2630 694 2671 mea
710 2607 798 2687 sacta,
813 2607 944 2693 Pelasgi,

124 2710 200 2774 Esse
215 2730 297 2773 reor:
323 2709 434 2772 vidistis
449 2698 540 2771 enirir.
585 2708 647 2770 Sua
660 2722 758 2772 narret
773 2706 916 2793 Ulysses:
1019 2764 1025 2768 .

123 2809 202 2883 Quae
217 2809 280 2871 sine
296 2822 371 2871 teste
385 2808 471 2892 gerit,
487 2829 611 2892 quorum
626 2827 688 2868 nox
701 2806 820 2870 conscia
834 2808 897 2870 sola
910 2821 967 2871 est.
1065 2808 1106 2873 15

167 2907 293 2970 Praemia
308 2929 415 2989 magna
430 2905 492 2991 peti
508 2904 618 2968 sateor:
641 2904 695 2966 sed
711 2904 804 2967 demit
818 2905 962 2969 honorem

124 3005 273 3069 lllmalas.
318 3004 405 3090 Ajaci
421 3027 480 3068 non
496 3018 539 3067 est
554 3004 683 3067 tenuisse
698 3003 869 3088 superbum,

124 3103 169 3166 Sit
184 3105 254 3167 licet
270 3106 327 3167 hoc
343 3105 456 3186 ingens,
471 3102 614 3188 quidquid
630 3103 758 3186 speravit
773 3099 911 3189 Ulysses.

125 3202 183 3265 Iste
199 3203 264 3265 tulit
280 3203 406 3285 pretium
418 3200 480 3285 jam
496 3223 574 3263 nunc
589 3201 756 3263 certaminis
772 3201 878 3285 hujus3

124 3301 197 3375 Quo
211 3304 281 3363 crim
297 3301 392 3362 victus
408 3301 475 3376 erit,
488 3319 606 3360 mecum
621 3299 749 3361 certisse
765 3298 885 3363 seretur.
1062 3298 1104 3362 2⁰

167 3401 268 3483 Atque
284 3420 351 3480 ego,
366 3398 390 3460 si
406 3397 496 3460 virtus
511 3397 540 3459 in
555 3417 603 3457 me
619 3396 785 3460 dubitabilis
799 3410 890 3473 essct,

124 3497 285 3560 Nobilitate
302 3512 407 3580 potens
422 3516 529 3573 essem,
544 3492 713 3557 Telamone
727 3487 863 3574 creatas:

125 3593 239 3660 Moenia
254 3595 303 3680 qui
318 3593 383 3676 sorti
398 3592 529 3679 Trojana
542 3594 598 3656 sub
614 3591 746 3657 Hercule
759 3591 861 3677 cepit:
