2536 4252
552 423 660 473 LIBER
676 423 736 472 VII.

152 569 214 632 Aut
229 571 278 633 ubi
294 571 412 634 terrenis
425 573 521 635 silices
535 572 653 635 fornace
668 573 755 642 soluti

151 667 332 752 Concipiunt
347 671 447 752 ignem
461 671 637 754 liquidarum
649 671 822 755 adspergine
835 680 995 756 aquarum:

150 767 277 830 Pectora
292 769 334 830 sic
349 768 426 830 intus
441 769 560 831 clausas
570 770 718 832 volventia
732 769 877 847 flammas,

150 864 337 950 Gutturaque
352 880 418 928 usta
432 880 545 929 sonant.
590 867 707 930 Tamen
723 867 778 930 illis
792 867 906 930 AEsone
920 880 1006 932 natus

150 962 264 1025 Obvius
279 964 311 1026 it.
357 963 483 1028 Vertere
499 979 596 1027 truces
608 965 752 1029 venientis
767 949 803 1029 ad
819 988 870 1029 ora

148 1061 310 1125 Terribiles
325 1063 433 1141 vultus,
445 1065 626 1148 ‘praefixaque
641 1086 751 1127 cornua
764 1064 858 1142 serro;

149 1159 389 1245 Pulvereumque
404 1163 499 1224 solum
514 1162 591 1246 pede
607 1163 763 1246 pulsavdre
779 1163 893 1226 bisulco
902 1185 911 1242 ;

148 1257 360 1343 Fumificisque
374 1259 474 1321 locum
489 1260 647 1340 mugitibus
662 1260 836 1341 implevere.

149 1355 307 1436 Diriguere
323 1370 404 1418 metu
419 1355 544 1438 Minyae.
590 1356 675 1417 Subit
691 1357 757 1431 ille3
780 1378 836 1417 nec
851 1356 933 1437 ignes

149 1454 246 1515 Sentit
261 1453 422 1530 anhelatos,
440 1452 569 1538 (tautum
584 1453 779 1515 medicamina
794 1451 931 1539 possunt)

149 1550 345 1634 Pendulnque
361 1551 464 1613 audaci
480 1551 590 1612 mulcet
604 1551 731 1635 palearia
743 1551 866 1614 dextra:

150 1649 383 1733 suppositosque
393 1648 467 1733 jug)
481 1649 597 1732 pondus
612 1670 701 1731 grave
716 1650 794 1732 cogit
809 1650 895 1712 aratri

150 1747 282 1825 Ducere,
298 1762 327 1810 et
343 1749 488 1810 insuetum
506 1747 579 1810 serro
594 1733 781 1831 proscindere
796 1770 947 1832 campum.

147 1845 294 1908 Mirantur
308 1845 436 1909 Colchi:
460 1845 572 1930 Minyae
588 1846 764 1908 clamoribus
776 1847 909 1930 implent,

147 1940 359 2030 Adjiciuntque
374 1946 498 2008 animos.
543 1944 640 2007 Galed
653 1959 716 2007 turn
731 1945 819 2008 sumit
834 1945 910 2007 ae'nd
971 2017 978 2041 x

148 2041 294 2127 Vipereos
310 2044 431 2121 dentes3
454 2058 484 2107 et
499 2057 594 2107 aratos
608 2043 717 2126 spargit
732 2044 761 2106 in
777 2064 872 2125 agros.

147 2142 268 2205 Semina
282 2143 375 2205 mollit
389 2143 508 2219 humus,
524 2142 622 2204 valido
636 2141 786 2224 praetincta
802 2161 935 2202 veneno:

148 2239 189 2303 Et
203 2253 349 2317 crescunt,
364 2240 495 2322 fiuntque
510 2239 564 2300 sati
579 2259 658 2300 nova
672 2259 795 2321 corpora
809 2236 923 2300 dentes.

147 2338 188 2401 Et
203 2339 252 2400 ubi
268 2337 427 2401 visceribus
442 2337 572 2420 grnvidae
587 2336 697 2399 telluris
712 2336 810 2418 imago

147 2435 265 2498 Effecta
281 2449 325 2497 est
340 2436 476 2512 hominis,
492 2433 564 2496 soeto
579 2433 727 2514 consurgit
742 2433 771 2495 in
787 2454 890 2505 arvo:

148 2532 300 2615 Quodque
315 2530 407 2612 magis
422 2532 538 2607 mirum,
553 2531 640 2593 simul
655 2529 734 2592 edita
747 2529 878 2591 concutit
893 2550 983 2592 arma.

148 2629 234 2702 Quos
249 2629 300 2692 ubi
316 2629 450 2690 viderunt
465 2641 618 2712 praeacutae
633 2627 762 2711 cuspidis
778 2628 876 2689 hastas

146 2725 181 2788 ln
196 2741 286 2811 caput
302 2726 448 2789 Haemonii
458 2726 577 2811 juvenis
591 2740 727 2810 torquere
744 2739 877 2810 paratos3

147 2825 304 2888 Demisere
320 2838 400 2887 metu
416 2825 590 2908 vultumque
605 2825 794 2910 animumque
809 2823 939 2913 Pelasgi.
984 2874 986 2879 -

146 2923 215 3008 lpse
230 2923 347 3009 q'uoque
363 2923 509 2999 extimuit,
525 2944 590 3006 quae
605 2936 701 2985 tutum
716 2921 827 2985 fecerat
841 2922 940 2987 illurn:

146 3022 248 3107 thue
264 3023 326 3106 peti
336 3021 480 3108 juvenem
495 3034 538 3084 tot
553 3021 626 3083 vidit
640 3021 822 3084 ab·hostibus
837 3043 940 3101 unum,

146 3119 274 3200 Palluit;
296 3136 327 3185 et
337 3119 434 3184 subitd
448 3121 511 3183 sine
525 3119 667 3202 sanguine
682 3119 785 3202 frigida
799 3120 886 3183 sedit.

146 3217 232 3282 Neve
249 3220 352 3303 parurn
368 3219 484 3282 valeant
499 3239 516 3280 a
530 3240 562 3280 se
578 3218 647 3281 data
660 3220 801 3300 gramina,
816 3241 936 3286 carmen
983 3237 986 3244 ·
1085 3216 1093 3226 ’

148 3317 299 3379 Auxiliare
314 3317 410 3392 cauit;
433 3331 619 3399 secretasque
634 3317 758 3380 advocat
775 3331 862 3381 artes.

146 3414 210 3493 llle,
225 3436 345 3498 gravem
360 3414 473 3477 medios
488 3414 599 3477 silicem
609 3413 755 3499 jaculatus
770 3415 799 3478 in
814 3416 925 3493 hostes,

148 3514 176 3578 A
190 3535 223 3576 se
239 3512 395 3597 depulsum
410 3511 539 3576 Martem
554 3514 699 3576 convertit
713 3515 743 3577 in
758 3514 849 3598 ipsos.

144 3610 313 3695 Terrigenae
328 3623 453 3696 pereunt
467 3632 521 3695 per
533 3625 637 3674 mutua
650 3611 773 3676 vulnera
787 3610 907 3689 fratrem
