2536 4252
166 420 227 479 114
478 426 825 493 nernnonrrrosnon

163 574 258 639 Fama
273 591 366 654 tenet,
381 576 557 661 summaque
573 577 696 639 domum
710 577 764 639 sibi
778 577 849 660 legit
864 578 892 640 in
909 599 994 642 arce:
1120 581 1143 645 5

163 673 394 759 innumerosque
409 675 514 751 aditus,
530 697 565 737 ac
581 675 660 737 mille
675 673 817 738 foramina
831 676 916 739 tectis

60 809 61 813 =
91 849 93 853 y
115 785 116 788 ’
164 772 297 849 Addidit,
312 788 343 835 et
357 773 442 834 nullis
457 773 572 836 inclusit
587 773 688 835 limina
702 773 803 856 portis.

162 869 261 932 Nocte
276 871 383 955 dieque
398 885 511 954 patent.
556 870 636 934 Tota
651 884 696 933 est
710 892 751 933 ex
765 892 835 933 aure
850 871 983 936 sonanti:

161 967 242 1030 Tota
256 967 368 1031 fremit:
393 989 540 1053 vocesque
555 967 662 1031 refert:
687 969 829 1053 iteratque
845 969 925 1054 quod
940 969 1033 1034 audit.

160 1058 253 1128 Nulla
268 1067 350 1150 quies
365 1065 452 1142 intus,
466 1066 606 1149 nullique
620 1066 735 1129 silentia
750 1080 845 1150 parte.
1099 1073 1139 1133 10

161 1162 229 1226 Nec
244 1177 341 1226 tamen
357 1176 402 1226 est
415 1163 537 1240 clamor,
552 1163 603 1225 sed
620 1185 716 1246 parvae
732 1185 882 1227 murmura
896 1163 993 1228 vocis:

161 1259 272 1334 Qualia
286 1262 324 1323 de
340 1262 447 1344 pelagi,
462 1261 485 1323 si
502 1261 566 1344 quis
581 1261 682 1344 procul
698 1262 807 1338 audiat,
821 1262 908 1324 undis

160 1357 236 1421 Esse
251 1360 363 1422 solent:
387 1359 542 1444 qualemve
557 1380 673 1435 sonum,
687 1359 757 1421 edm
771 1357 890 1443 Jupiter
904 1373 980 1422 utras

161 1454 309 1539 increpuit
324 1457 429 1533 nubes,
444 1471 577 1518 extrema
593 1457 719 1518 tonitrua
734 1456 869 1519 reddunt.

128 1551 131 1556 ’
161 1553 245 1615 Atria
259 1555 344 1615 turba
357 1569 475 1616 tenent:
500 1555 621 1615 veniunt
636 1554 703 1615 leve
720 1553 834 1636 vulgus,
849 1566 998 1638 euntque:
1097 1557 1138 1619 15

161 1649 317 1735 Mixtaque
331 1649 399 1713 cuni
415 1651 490 1713 veris
506 1651 613 1734 passim
628 1667 798 1714 commenta
812 1666 955 1734 vagantur

161 1746 255 1810 Millia
269 1770 434 1811 rumorum:
458 1747 638 1833 confusaque
654 1748 743 1810 verba
758 1749 902 1811 volutant.

160 1845 189 1907 E
204 1847 309 1930 quibus
324 1847 354 1909 hi
369 1868 477 1909 vacuas
492 1847 615 1931 implent
629 1847 813 1910 sermonibus
827 1867 931 1911 aures:

159 1942 200 2007 Hi
216 1960 331 2006 narrata
344 1944 441 2006 serunt
455 1944 529 2008 alid:
553 1966 749 2029 mensuraque
764 1945 823 2007 ficti

158 2041 294 2119 Crescit3
316 2057 347 2105 et
360 2042 465 2104 auditis
480 2042 587 2126 aliquid
602 2064 696 2105 novus
711 2043 810 2129 adjicit
824 2057 937 2107 auctor.
962 2064 963 2068 ’

158 2140 222 2203 lllic
237 2140 417 2216 Credulitas,
433 2140 490 2203 illic
506 2141 676 2204 temerarius
690 2140 791 2219 Error,

158 2236 303 2322 Vanaque
319 2238 433 2300 Laetitia
448 2253 503 2314 est,
518 2239 754 2323 consternatique
769 2239 918 2318 Timores,

158 2335 329 2421 Seditioque
344 2357 460 2419 repens,
476 2335 623 2420 dubioque
638 2351 755 2399 auctore
771 2336 900 2401 Susurri.

157 2432 228 2517 lpsa
240 2433 309 2518 quid
325 2434 353 2496 iu
367 2433 446 2497 coelo
460 2455 568 2511 rerum,
583 2433 748 2517 pelagoque
763 2448 890 2516 geratur,

157 2529 198 2594 Et
213 2533 328 2611 tellure,
343 2533 434 2610 videt,
449 2548 602 2616 totumque
618 2531 735 2615 inquirit
748 2532 779 2595 in
793 2532 908 2596 orbem.
