2536 4252
156 409 200 471 20
469 415 818 464 METAMORPHOSEON

159 564 262 630 Pleias
273 565 362 629 enixa
377 578 438 628 est:
461 565 580 649 letoque
595 566 656 642 det,
671 565 805 649 imperat,
820 566 946 648 Argum.
1036 641 1039 646 Ι

160 661 256 726 Parra
272 677 422 741 moreest,
438 664 498 726 alas
514 664 650 747 pedibus,
666 664 836 747 virgamque
852 665 965 747 potenti
1071 669 1137 732 550

159 761 354 825 Somnileram
369 763 527 845 sumpsisse
542 784 641 839 manu,
656 763 845 845 tegimenque
859 763 982 846 capillis.

159 859 233 923 Haec
248 861 298 922 ubi
313 861 466 943 disposuit,
482 860 577 943 patrib
590 859 668 923 Jove
684 874 769 922 natus
785 861 822 922 ab
837 882 905 923 arce

159 956 268 1021 Desilit
283 958 312 1020 in
328 971 428 1020 terras.
472 957 536 1020 lllic
551 959 741 1042 tegimenque
756 958 892 1035 removit,
993 958 995 963 ’

80 1115 85 1122 ,
160 1055 201 1118 Et
216 1056 312 1138 posuit
328 1077 455 1139 pennas:
479 1056 684 1118 tantummodo
700 1056 781 1138 virga
795 1070 909 1119 retenta
924 1070 979 1120 est.

159 1152 228 1215 Hac
243 1153 312 1235 agit,
328 1167 360 1215 ut
375 1167 484 1235 pastor,
500 1175 553 1237 per
568 1154 655 1216 devia
669 1176 735 1216 ntra
748 1155 901 1247 capellas,
1070 1158 1134 1220 555

159 1249 243 1313 Dum
259 1252 349 1330 venit,
365 1252 523 1315 abductas:
547 1266 577 1315 et
592 1253 708 1314 structis
722 1266 822 1315 cantat
837 1254 948 1317 avenis.

202 1347 287 1414 Voce
302 1350 382 1413 noval
393 1365 500 1434 captus
515 1365 613 1414 custos
627 1350 646 1412 J
649 1352 784 1430 unonius,
799 1353 863 1416 ‘At
878 1366 921 1430 tu,

159 1445 323 1532 ‘Quisquis
337 1470 380 1525 es,
396 1449 453 1512 hoc
468 1465 586 1533 poteras
600 1471 720 1512 mecum
733 1449 887 1513 considere
903 1450 997 1528 saxo,'

158 1545 258 1626 Argus
274 1546 330 1607 ait:
354 1552 363 1582 ‘
376 1566 472 1629 neque
488 1547 566 1608 enim
581 1547 682 1630 pecori
697 1546 861 1611 soecundior
875 1549 934 1610 ullo

160 1642 261 1707 Herba
276 1644 342 1706 loco
357 1657 419 1706 ert:
443 1658 601 1729 aptamque
618 1646 699 1708 vides
715 1646 877 1729 pastoribus
892 1645 1047 1708 umbram!
1154 1699 1158 1705 .

160 1741 243 1804 Sedit
257 1741 453 1819 Atlantiades,
468 1757 500 1805 et
519 1758 640 1806 euntem
654 1744 746 1806 multa
760 1744 908 1828 loquendo
1069 1745 1129 1807 561

159 1839 296 1903 Detinuit
310 1861 445 1903 sermone
461 1840 557 1904 diem:
576 1841 745 1926 junctisque
760 1841 895 1905 canendo

160 1935 290 2000 Vincere
306 1937 493 2002 arundinibus
508 1939 653 2002 servantia
667 1939 778 2008 lumina
792 1952 903 2003 tentat:

71 2042 75 2049 '
159 2035 213 2098 llle
228 2050 327 2099 tamen
342 2051 453 2120 pugnat
467 2038 571 2100 molles
586 2037 721 2100 evincere
736 2059 870 2101 somnos:

160 2134 211 2210 Et,
227 2135 360 2219 quamvis
374 2157 463 2220 sopor
476 2151 522 2200 est
536 2137 688 2199 oculorum
703 2150 786 2221 parte
801 2150 956 2220 receptus3
1071 2137 1134 2199 565

159 2232 249 2294 Parte
265 2247 363 2296 tamen
379 2233 488 2316 vigilat.
534 2232 647 2308 Quaerit
664 2256 792 2319 quoqne,
810 2234 953 2321 (namque
968 2248 1087 2318 reperta

159 2329 275 2393 Fistula
290 2353 386 2415 nuper
400 2330 477 2418 erat)
494 2331 554 2415 quir
567 2332 603 2394 sit
619 2333 730 2395 ratione
745 2347 871 2416 reperta.

159 2427 246 2492 Talia
262 2428 389 2492 dicturus
405 2431 477 2494 vidit
493 2428 648 2514 Cyllenius
662 2452 765 2494 omnes

160 2527 357 2591 Succubuisse
372 2530 483 2607 oculos,
499 2528 700 2614 adopertaque
716 2529 827 2591 lumina
848 2550 962 2591 somno.
1083 2603 1088 2610 .

160 2625 323 2709 Supprimit
337 2628 491 2709 externplo
506 2649 627 2690 vocem:
651 2629 804 2710 firmatque
820 2648 968 2710 soporem,
1071 2628 1135 2688 570

160 2721 318 2805 Languida
330 2724 517 2806 permulcens
532 2724 679 2786 medicati
694 2725 802 2787 lumina
817 2724 909 2807 virgis.

161 2819 228 2883 Nec
244 2841 341 2883 mora:
365 2820 471 2883 falcato
487 2834 639 2882 nutantem
654 2823 787 2885 vulnerat
803 2844 884 2899 ense,

162 2916 235 2991 Qut
249 2919 326 2980 collo
340 2919 454 2982 confine
469 2930 574 3002 caput:
598 2940 730 3003 saxoque
745 2935 900 2984 cruentum

161 3013 291 3110 Dejiqi13
314 3029 344 3079 et
358 3017 485 3079 maculat
501 3030 675 3100 praeruptam
690 3019 830 3099 sanguine
844 3032 973 3081 cautent.

164 3114 254 3196 Arge,
265 3113 364 3198 jaces:
388 3109 525 3198 quodque
542 3114 570 3175 in
585 3128 629 3176 tot
643 3115 753 3177 lumina
767 3117 867 3178 lumen
883 3117 1012 3178 habebas
1072 3119 1135 3179 575

163 3210 351 3275 Exstinctum
367 3227 427 3275 est:
450 3227 630 3296 centumque
645 3213 746 3276 oculos
762 3235 821 3275 nox
837 3230 964 3297 occupat
980 3237 1049 3276 una.

162 3310 284 3393 Excipit
298 3311 363 3388 hos,
379 3311 562 3393 volucrisque
578 3332 636 3372 suae
652 3310 788 3374 Saturnia
805 3313 906 3394 pennis

162 3406 317 3488 Collocat3
348 3424 378 3470 et
392 3408 515 3490 gemmis
530 3408 654 3470 caudam
670 3409 852 3471 stellantibus
869 3411 982 3493 implet.

205 3504 342 3568 Protinus
357 3506 476 3583 exarsit,
491 3527 548 3568 nec
562 3519 699 3589 tempora
715 3506 825 3570 distulit
840 3508 898 3586 irae,

163 3600 402 3693 Horriseramque
416 3604 509 3669 oculis
520 3603 682 3689 animoque
695 3603 805 3692 objecit
820 3604 955 3692 Erinnyn
1073 3607 1136 3671 580
