2536 4252
153 421 237 489 108'
473 431 822 482 neranoarrrosnon

151 582 283 650 Festinat
297 598 412 646 vestes:
432 583 495 669 jam
511 604 593 666 quas,
609 583 658 644 ubi
674 581 785 642 venerit
801 580 860 656 ille,
911 624 914 630 -

149 680 219 764 lpsa
233 697 331 763 gerat:
355 682 523 765 reditusque
538 681 591 742 sibi
607 679 748 762 promittit
764 679 885 739 inanes..

149 777 296 841 Omnibus
312 780 359 841 illa
375 779 494 862 quidem
510 777 624 859 superis
640 777 688 860 pia
704 777 789 838 thura
804 774 932 837 serebat:

150 877 231 938 Ante
246 891 345 938 tamen
360 892 482 939 cunctos
496 875 622 937 Junonis
634 875 745 956 templa
755 874 889 936 colebat:
956 950 969 961 N

150 972 270 1057 Proque
286 975 358 1051 viro,
375 974 535 1057 quintilius
551 986 623 1049 erat,
639 972 776 1033 veniebat
792 971 827 1032 ad
844 990 918 1033 aras.

151 1069 252 1154 thue
268 1070 341 1133 soret
356 1092 457 1154 sospes
471 1069 581 1155 conjux
596 1091 675 1145 snus,
687 1083 778 1152 utque
793 1068 911 1147 rediret,
984 1088 986 1092 ’

150 1167 302 1251 Optabat3
324 1169 493 1252 nullamque
508 1168 561 1230 sibi
577 1165 735 1250 praeferret.
780 1167 823 1228 At
838 1167 879 1228 illi
903 1224 907 1230 ,

150 1264 219 1328 Hoc
235 1267 271 1328 de
288 1280 332 1328 tot
349 1266 420 1328 votis
436 1279 550 1348 poterat
564 1253 734 1346 contingere
750 1264 856 1325 solum.

192 1364 235 1425 Ar
250 1364 306 1426 dea
321 1385 379 1425 non
395 1363 471 1424 ultra
485 1384 538 1446 pro
552 1361 653 1424 sancto
668 1355 761 1423 rnor‘te
776 1362 870 1443 rogari

150 1460 299 1537 Sustinet;
320 1476 531 1545 ntqnemanus
546 1458 675 1521 funestas
690 1475 788 1521 arceat
803 1459 876 1536 aris3

150 1556 218 1635 ‘lri,
233 1558 328 1634 rneae,'
345 1558 429 1634 dixit,
446 1557 601 1619 ‘fidissima
615 1557 722 1619 nuncia
736 1557 828 1633 vocis,

151 1654 223 1717 Vise
238 1654 428 1738 soporiferam
443 1654 546 1716 Somni
563 1654 703 1734 velociter
718 1655 831 1716 aniam:

150 1751 357 1837 Exstinctique
368 1752 440 1838 jube
456 1751 569 1835 becis
583 1752 709 1834 imagine
725 1752 820 1815 mittat

149 1850 270 1913 Somnia
285 1851 322 1912 ad
338 1849 526 1933 Halcyonen‚
543 1871 626 1912 veros
641 1850 785 1913 narrantia
799 1849 915 1933 casus(

149 1946 287 2011 Dixerat.
333 1948 466 2010 lnduitur
480 1939 627 2010 velamina
641 1948 721 2010 mille
736 1949 868 2011 colorum
926 1954 929 1960 '

149 2044 213 2122 Iris,
229 2060 259 2110 et
274 2060 395 2130 arquato
410 2046 520 2109 coelum
535 2045 705 2109 curvamine
720 2046 837 2128 signans

148 2142 247 2207 Tecta
260 2145 333 2228 petit
344 2143 417 2229 jussi
431 2143 486 2207 sub
501 2165 574 2227 rupe
590 2144 709 2207 latentia
722 2144 809 2226 regis.

191 2240 247 2304 Est
263 2262 355 2325 prope
370 2240 548 2305 Cimmerios
563 2242 652 2323 longo
667 2242 809 2325 spelunca
823 2262 952 2320 recessu,

149 2337 238 2401 Mons
253 2361 354 2416 cavus,
370 2339 466 2420 ignavi
482 2339 586 2401 doinus
602 2352 632 2402 et
646 2338 807 2422 penetralia
821 2338 943 2403 Somni:

149 2436 222 2510 Qut
237 2458 386 2521 nunqnam
401 2436 488 2499 radiis
504 2436 611 2514 oriens,
626 2436 790 2514 mediusve,
805 2437 953 2500 cadensve

148 2532 282 2596 Phoebus
298 2535 377 2596 adire
392 2548 500 2618 potest.
546 2533 670 2598 Nebuiae
685 2535 809 2618 caligine
824 2535 925 2598 mixtae

148 2629 335 2694 Exhalantnr
348 2633 449 2708 humo,
465 2632 618 2716 dubiaque
632 2634 806 2716 crepuscula
816 2633 900 2696 lucis.

150 2727 218 2792 Non
235 2729 303 2810 vigil
319 2729 378 2791 ales
393 2729 432 2790 ibi
447 2729 555 2791 cristati
569 2730 702 2792 cantibus
717 2731 774 2792 oris

150 2821 266 2887 Evocat
280 2825 442 2888 Auroram:
465 2846 525 2888 nec*
533 2847 607 2889 voce
622 2827 736 2890 silentia
749 2842 890 2913 rumpunt

149 2922 309 2989 Sollicitive
323 2945 423 3002 canes,
437 2924 597 2988 canibusve
611 2927 744 3008 sagacior
756 2948 852 2990 anser.

151 3017 218 3082 Non
234 3019 305 3099 sera,
320 3043 378 3083 non
394 3023 536 3105 pecudes,
550 3045 610 3085 non
624 3025 696 3087 moti
711 3025 829 3088 flamine
844 3025 934 3104 rami,

152 3115 334 3181 Humanaeve
348 3140 453 3180 sonum
468 3120 594 3182 reddunt
608 3122 740 3184 convicia
754 3123 870 3205 lingua.

154 3213 237 3277 Muta
252 3216 335 3300 quies
350 3215 471 3279 habitat.
517 3217 599 3280 Saxo
613 3232 712 3281 tamen
727 3220 789 3282 exit
804 3220 841 3282 ab
856 3221 917 3283 imo

153 3313 245 3376 Rivus
260 3336 341 3399 aque
357 3313 488 3377 Lethes:
511 3337 565 3399 per
579 3338 668 3400 quern
682 3339 752 3380 cnm
767 3339 915 3382 murmure
930 3319 1033 3383 labens
1059 3321 1123 3385 240

153 3409 257 3475 invitat
272 3434 389 3475 somnos
404 3413 613 3496 crepitantibus
627 3415 705 3477 unda
721 3415 837 3498 lapillis.

155 3506 232 3571 Ante
246 3508 322 3573 sores
336 3511 410 3574 antri
424 3509 564 3574 soecunda
578 3532 727 3595 papavera
741 3513 858 3591 florent,
