2536 4252
562 420 671 478 Ltssutt
687 427 708 478 l.
740 464 743 466 -

427 708 617 752 DEUCALION
638 709 681 750 ΕΤ
703 705 845 750 PYRRHA·

459 889 469 955 '.
576 905 606 947 v.
622 884 696 948 348.

187 1050 336 1133 Redditus
349 1068 427 1131 orbis
442 1081 514 1131 erat.
560 1066 664 1141 Quem
679 1078 838 1152 postquam
852 1067 926 1132 vidit
940 1067 1072 1146 manem,

146 1168 186 1232 Et
201 1167 347 1231 desolatas
363 1187 451 1249 agere
466 1167 526 1229 alta
540 1166 656 1229 silentia
669 1179 772 1244 terras,

145 1266 322 1342 Deucalion,
338 1265 476 1347 lacrymis
491 1265 532 1327 ita
547 1264 694 1348 Pyrrham
709 1265 815 1327 affatur
828 1264 955 1327 obortis:
1029 1256 1128 1346 ,356
1223 1296 1227 1309 =

144 1363 192 1426 ‘O
207 1384 297 1440 soror,
312 1385 331 1424 0
344 1361 466 1447 conjux,
481 1383 500 1424 o
515 1361 637 1425 soemina
651 1362 713 1424 sola
727 1374 887 1444 superstes,

84 1478 87 1483 ·
144 1461 247 1534 Quam
263 1480 421 1523 commuue
436 1459 508 1521 mihi
523 1481 628 1542 genus,
643 1472 674 1521 et
688 1459 827 1543 patruelis
841 1458 933 1541 origo,

145 1559 264 1621 Deinde
279 1574 358 1620 torus
369 1557 470 1642 junxit
479 1577 488 1634 3
511 1578 588 1620 nunc
603 1557 667 1641 ipsa
681 1557 811 1641 pericula
821 1555 967 1642 jungunt:

144 1657 314 1733 Terrarum,
329 1676 522 1740 quascunque
536 1655 638 1718 vident
652 1647 779 1718 occasus'
789 1669 820 1718 et
833 1668 926 1733 ortus,

144 1754 208 1819 Nos
224 1755 283 1817 duo
298 1756 382 1817 turba
396 1774 508 1817 sumus.
553 1753 691 1817 Possedit
705 1767 811 1817 cetere
825 1766 944 1837 pontus.
1011 1825 1021 1841 ι
1061 1757 1126 1820 355

145 1853 234 1916 Nunc
251 1875 368 1938 quoqne
384 1854 480 1916 adhuc
496 1853 562 1915 vitae
576 1874 635 1915 non
651 1865 695 1916 est
709 1852 817 1916 fiducia
831 1864 936 1916 nostre

145 1951 239 2016 Certa
253 1952 339 2014 satis:
363 1965 473 2014 terrent
487 1951 648 2013 etiamnum
664 1950 764 2014 nubile
778 1964 921 2014 mentem.

145 2049 229 2123 Quid
247 2050 308 2127 tibi,
323 2050 347 2112 si
362 2050 430 2118 sine¹
440 2070 489 2112 me
505 2048 570 2112 satis
585 2062 689 2133 erepta
704 2048 818 2128 luisses,

145 2146 236 2211 Nunc
252 2147 352 2225 animi,
366 2147 544 2225 miseranda,
559 2146 655 2211 soret?
678 2169 737 2232 quo
751 2147 814 2210 sola
828 2147 964 2211 timorem

145 2244 237 2309 Fene
252 2244 341 2308 modo
356 2247 480 2329 pomesi
502 2264 562 2330 quo
576 2245 746 2308 consolante
762 2245 898 2310 doleres?
1061 2246 1130 2311 360·

145 2343 285 2428 Namque
301 2362 358 2427 ego
374 2342 478 2430 (crede
492 2342 592 2430 mihi)
609 2344 633 2406 si
648 2357 679 2407 te
693 2344 785 2407 modb
799 2356 909 2429 pontus
923 2343 1057 2423 haberet,

144 2440 193 2503 Te
208 2462 359 2526 sequerer,
373 2441 502 2526 conjux:
525 2454 557 2504 et
570 2462 619 2504 me
634 2463 752 2527 quoque
768 2455 875 2526 pontus
890 2443 1024 2536 haberet.

144 2538 174 2600 Ο
189 2539 302 2600 utinam
316 2538 426 2620 possim
442 2538 569 2620 populos
584 2554 720 2622 reparare
738 2539 867 2623 paternis

145 2636 285 2712 Artibus3
307 2647 396 2719 atque
411 2635 524 2699 animas
538 2635 668 2700 formate
682 2635 835 2701 inlimdere
849 2638 952 2703 terrae!

143 2732 233 2796 Nunc
247 2754 341 2816 genus
354 2733 385 2795 iu
399 2733 484 2796 nobis
497 2747 588 2798 restat
601 2735 726 2798 mortale
741 2735 867 2814 duabus,
1003 2796 1012 2813 ,
1059 2736 1127 2802 365

145 2832 211 2921 (Sic
226 2832 320 2895 visum
334 2829 462 2919 superis)
479 2832 692 2921 hominumque
705 2835 848 2918 exempla
862 2834 1040 2900 nranetnus'

185 2930 322 3008 Dixerat,
339 2945 369 2992 et
384 2930 507 2994 flebant.
551 2929 669 2995 Placuit
683 2934 807 2996 coeleste
822 2933 937 3018 precari

143 3027 274 3106 Nomen,
290 3041 320 3091 et
334 3028 478 3091 auxlium
492 3046 547 3113 per
560 3050 657 3093 sacras
672 3044 801 3114 querere
816 3043 920 3096 sortes.

143 3125 234 3189 Nulla
248 3148 329 3189 mora
344 3139 408 3204 est;
428 3127 539 3190 adeunt
552 3128 661 3212 pariter
675 3127 854 3214 Cephisidas
868 3129 973 3211 undas,

144 3223 187 3286 Ut
200 3224 332 3287 nondum
346 3224 480 3309 liquidas,
495 3225 538 3288 sic
549 3224 613 3311 jam
628 3226 704 3290 vada
718 3239 790 3291 nota
803 3243 949 3293 secantes.
1060 3225 1126 3294 370

145 3321 217 3384 lnde
232 3322 283 3384 ubi
297 3322 402 3385 libatos
418 3322 578 3386 irmravdre
593 3323 721 3408 liquores

147 3419 286 3483 Vestibus
301 3433 332 3483 et
345 3419 453 3503 capiti3
476 3419 600 3485 flectunt
614 3422 736 3505 vestigia
749 3436 858 3487 sancte

143 3519 194 3581 Ad
208 3519 331 3583 delubra
345 3519 426 3582 deae:
449 3538 576 3603 quorum
591 3519 707 3604 fastigia
721 3522 799 3606 turpi

144 3616 325 3702 Squalebant
339 3636 461 3779 mus0203
482 3619 658 3704 stabantque
672 3619 737 3682 sine
751 3619 868 3703 ignibus
883 3634 951 3682 ure.
