2536 4252
546 423 653 473 aratra
669 425 714 474 vr.
1074 421 1115 482 7¹1

143 570 202 636 Cui
217 573 255 634 sis
270 557 362 655 nupta
374 572 453 654 vide,
464 572 619 636 Pandione
634 589 713 652 nata,
724 580 839 638 marito.
1056 578 1118 642 180

142 669 334 752 Degeneres:
357 671 454 732 scelus
469 684 513 732 est
528 671 621 753 pietas
636 662 665 733 in
680 672 806 757 conjuge
821 673 944 738 Tereo?

116 835 118 838 ,
143 766 210 829 Nec
224 789 324 845 mora;
346 768 434 831 traxit
449 767 528 852 Ityn,
545 769 635 832 veluti
651 769 816 853 Gangetica
829 794 924 836 cervae
957 822 961 831 ,

102 949 113 955 υ
141 865 319 929 Lactantem
336 865 438 929 soeturn
454 888 508 950 per
521 866 608 930 silvas
624 867 703 950 tigris
718 889 836 952 opacas.

142 963 246 1048 thue
261 964 366 1026 domus
381 964 445 1027 alta
460 979 574 1048 partem
589 967 712 1028 tenuere
727 982 889 1046 remotam3

143 1061 391 1146 Tendentemque
406 1084 521 1140 manus,
536 1063 639 1149 etjam
654 1087 707 1128 sua
722 1065 781 1128 sata
796 1065 957 1144 videntem,
1057 1068 1127 1132 185·

143 1158 240 1235 ‘Eia,’
256 1173 286 1221 et
297 1159 371 1244 jam,
387 1159 518 1237 ‘maten’
534 1161 722 1239 clamantem,
737 1177 768 1225 et
782 1149 858 1225 colla
872 1176 1025 1246 petentem

144 1256 224 1318 Ense
240 1255 304 1319 ferit
319 1256 447 1333 Procne,
461 1257 543 1319 lateri
559 1257 618 1340 qud
632 1272 736 1340 pectus
751 1259 895 1321 adheret:
983 1306 993 1316 .

144 1352 210 1416 Nec
227 1354 340 1415 vultum
355 1353 469 1415 avertit.
514 1353 592 1415 Satis
607 1354 647 1416 illi
662 1353 699 1415 ad
715 1353 774 1415 sata
789 1355 836 1416 vel
856 1377 947 1417 unum

144 1450 262 1513 Vulnus
277 1464 357 1528 erat3
375 1450 512 1535 jugulum
526 1449 602 1513 serro
615 1450 783 1514 Philomela
797 1451 925 1516 resolvit.

145 1547 283 1631 Vivaque
299 1548 406 1625 adhuc,
421 1547 583 1631 animaque
598 1548 706 1632 aliquid
722 1550 876 1613 retinentia
891 1552 1023 1614 membra
1058 1554 1118 1617 190

144 1644 306 1708 Dilaniant.
352 1645 424 1708 Pars
440 1645 507 1707 inde
522 1645 602 1708 cavis
617 1647 746 1708 exsultat
761 1648 859 1711 aenis:
910 1706 912 1710 Α

144 1742 217 1805 Pars
233 1742 358 1805 verubus
373 1743 490 1807 stridet:
514 1757 632 1805 manant
648 1745 808 1827 penetralia
823 1746 902 1809 tabo.

143 1839 200 1902 His
215 1840 334 1903 adhibet
349 1840 459 1926 conjux
474 1841 605 1924 ignarum
620 1841 719 1906 Terea
733 1844 860 1908 mensis:

143 1937 184 2002 Et
199 1939 282 2022 patrii
298 1939 386 2002 moris
400 1961 515 2003 sacrum
530 1940 662 2018 mentita,
679 1941 755 2026 quod
772 1943 822 2006 uni

143 2035 204 2099 Fas
218 2037 255 2099 sit
269 2036 349 2100 adire
365 2037 437 2114 viro,
451 2037 574 2100 comites
589 2037 772 2123 famulosque
788 2041 924 2104 removit.
1058 2043 1118 2106 195

142 2133 228 2213 Inde,
243 2135 349 2198 sedens
363 2135 446 2212 solio,
460 2134 588 2211 Tereus,
603 2135 735 2209 sublimis
750 2136 840 2212 avit0,

124 2230 127 2233 ’
144 2231 300 2295 Vescitur:
324 2232 413 2317 inque
427 2253 512 2294 suam
526 2252 579 2294 sua
594 2233 706 2295 viscera
720 2234 852 2316 congerit
867 2235 977 2298 alvum.

150 2327 301 2415 Pantaque
316 2351 377 2393 nox
392 2330 480 2393 animi
495 2344 550 2407 est,
566 2329 653 2413 ‘Ityn
670 2332 728 2393 huc
742 2332 901 2410 arcessite,'
918 2332 1004 2397 dixit.

144 2426 338 2490 Dissimulare
352 2428 454 2510 nequit
468 2426 598 2489 cmdelia
616 2427 723 2508 gaudia
738 2427 874 2505 Procne;

144 2524 272 2608 Jamque
286 2545 345 2586 snae
360 2524 483 2606 cupiens
499 2522 640 2586 exsistere
656 2525 757 2586 nuntia
772 2524 880 2603 cladis;
1056 2530 1120 2592 200

145 2621 246 2685 ‘Intus
261 2621 364 2699 habes,
378 2620 458 2705 quod
473 2620 589 2704 poscis,'
605 2621 655 2684 ait.
700 2620 909 2707 Circumspicit
924 2624 983 2703 ille,

144 2721 247 2806 Atque
262 2720 312 2783 ubi
327 2720 364 2783 sit
379 2720 490 2805 querit.
537 2719 701 2798 Querenti,
716 2720 881 2807 iterumque
897 2723 1024 2802 vocanti,

144 2818 228 2881 Sicut
243 2831 305 2880 erat
320 2817 427 2901 sparsis
442 2817 535 2882 furiali
549 2817 630 2882 caede
644 2818 767 2902 capillis,
874 2868 877 2877 .
960 2830 968 2839 '

144 2916 284 2994 Prosiliit,
299 2915 442 3000 Ityosque
456 2930 547 3001 caput
561 2915 729 2979 Philomela
743 2929 898 2980 cruentum

143 3013 228 3077 Misit
242 3014 271 3076 in
286 3035 337 3077 ora
351 3013 458 3098 patris:
481 3035 538 3077 nec
552 3027 686 3097 tempore
700 3013 803 3077 maluit
817 3014 878 3079 ullo
1057 3006 1128 3082 205‘

144 3111 238 3174 Posse
253 3111 344 3195 loqui,
359 3126 389 3175 et
405 3111 515 3174 meritis
530 3113 629 3174 testari
645 3112 751 3194 gaudia
767 3112 861 3176 dictis.

186 3209 332 3272 Thracius
347 3209 456 3291 ingenti
471 3231 588 3272 mensas
602 3211 730 3273 clamore
745 3212 871 3295 repellit,
915 3289 918 3299 Ι

145 3295 350 3391 Vipereasque
364 3306 423 3369 ciet
438 3306 544 3390 Stygia
559 3308 596 3369 de
612 3308 688 3370 valle
702 3329 832 3372 sorores:

67 3474 70 3479 ¹
145 3403 185 3466 Et
200 3404 300 3482 mont,
315 3404 339 3467 si
354 3405 456 3488 possit,
470 3417 598 3467 reserato
614 3419 734 3488 pectore
750 3406 825 3469 diras

145 3501 276 3584 Egerere
292 3502 360 3565 inde
376 3502 477 3586 depae,
493 3502 685 3587 demersaque
697 3505 809 3566 viscera
823 3505 927 3585 gestit:
1057 3507 1122 3570 210

146 3597 215 3664 Flet
229 3600 329 3679 modo,
344 3621 436 3685 seque
452 3613 539 3663 vocat
553 3600 672 3663 bustum
686 3600 851 3664 miserabile
866 3601 943 3665 nati:

406 3702 410 3709 .
472 3699 522 3760 ,μ
875 3713 878 3719 ,
928 3705 932 3712 .
