2536 4252
566 399 671 448 LIBER
687 400 707 448 l.

148 547 285 631 lugentes
300 551 397 612 animo
413 564 442 613 et
457 550 558 633 dignas
574 549 651 614 Jove
666 550 795 635 concipit
810 548 865 612 iras
874 571 883 627 ;

147 645 370 731 Consiliumque
386 663 482 711 vocat.
527 648 640 711 Tenuit
655 649 832 728 moranulla
846 660 977 711 vocatos·

189 744 245 807 Est
260 745 306 807 via
321 746 462 822 sublimis,
474 747 552 810 coelo
567 746 721 809 manifesta
740 745 863 809 sereno:

146 841 259 905 Lactea
270 865 377 925 nomen
394 845 501 922 habet3
523 845 651 906 candore
666 844 801 906 notabilis
814 844 888 927 ipso.

146 939 214 1004 Hae
230 943 285 1004 iter
299 957 344 1004 est
359 943 471 1027 superis
488 943 525 1004 ad
540 943 638 1025 magni
653 956 737 1005 tecta'
747 941 903 1019 Tonantis,
1060 944 1120 1007 170

146 1038 351 1124 Regalemque
367 1040 499 1103 domum.
544 1040 663 1103 Dextri
676 1039 811 1124 laequue
826 1041 949 1103 deorum

145 1137 229 1219 Atria
244 1139 385 1201 nobilium
400 1139 492 1201 valvis
507 1139 693 1201 celebrantur
707 1139 826 1222 apertis.

145 1234 234 1298 Plebs
250 1236 381 1300 habitant
395 1237 511 1300 diversa
522 1236 607 1299 locis.
652 1237 682 1299 A
697 1235 791 1305 fronte
814 1250 950 1320 potentes

144 1330 307 1412 Ctelicolae,
322 1336 451 1419 clarique
466 1356 533 1397 suos
548 1335 673 1418 posuere
690 1349 823 1416 penates.

145 1430 204 1492 Hic
219 1433 300 1494 locus
316 1447 379 1509 est;
402 1454 500 1516 quem,
516 1433 540 1494 si
556 1432 651 1494 verbis
667 1433 789 1494 audacia
803 1433 899 1509 detur,
1060 1430 1120 1494 175

145 1528 233 1591 Haud
251 1531 370 1592 timeam
386 1529 484 1612 magni
499 1530 608 1592 dixisse
625 1529 740 1592 Palatia
754 1530 833 1592 coeli.

187 1628 268 1710 Ergo
283 1629 332 1690 ubi
348 1628 517 1691 marmoreo
527 1628 625 1712 superi
641 1628 745 1690 sedere
761 1648 890 1705 recessu,

89 1725 92 1728 ’
144 1722 260 1789 Celsior
275 1727 337 1810 ipse
352 1728 428 1804 loco,
444 1741 620 1810 sceptroque
636 1727 754 1789 innixus
769 1727 891 1803 ebumn,

143 1824 314 1887 Terrificam
329 1825 433 1908 capitis
448 1825 595 1888 concussit
606 1839 710 1908 terque
726 1839 887 1908 quaterque

143 1920 322 2000 Cesarien13
343 1945 412 1985 cum
428 1920 488 2006 quai
506 1937 623 1999 terram,
639 1944 731 2000 mare,
746 1923 851 1999 sidera,
866 1921 969 1984 movit.
1062 1922 1120 1985 180

143 2019 265 2083 Talibus
281 2021 348 2083 inde
364 2021 458 2083 modis
473 2042 524 2083 cra
539 2020 718 2103 indignantia
732 2020 836 2082 solvit:

110 2114 113 2130 '
144 2117 231 2180 ‘Non
246 2141 302 2201 ego
318 2141 371 2203 pro
386 2120 488 2182 mundi
503 2140 596 2201 regno
610 2118 702 2201 magis
717 2119 823 2180 anxius
839 2117 890 2179 illa

142 2215 337 2299 Tempestate
354 2216 404 2294 sui,
422 2216 481 2301 qud
494 2231 614 2279 centurn
632 2217 756 2300 quisque
771 2216 914 2300 parabant

145 2313 266 2400 lnjicere
281 2315 482 2399 anguipedum
497 2314 616 2398 captivo
631 2314 751 2377 brachia
766 2314 855 2377 coelo.

143 2410 233 2489 Nam,
246 2434 414 2496 quanquam
425 2411 502 2474 serus
515 2413 606 2474 hostis
617 2425 803 2489 erat‚,tamen
815 2412 885 2474 illud
898 2410 935 2472 ab
945 2431 1006 2473 uno
1059 2412 1120 2474 185
1167 2444 1171 2466 ι

143 2507 289 2591 Corpore,
305 2522 390 2571 etex
404 2507 466 2570 unit
480 2509 629 2591 pendebat
645 2509 756 2591 origine
771 2508 901 2570 bellum(

143 2604 232 2669 Nunc
248 2606 330 2682 mihi,
346 2605 405 2690 quai
419 2619 515 2668 totum
530 2605 647 2669 Nereus
661 2607 855 2669 circumtonat
869 2604 983 2683 orbem,

143 2700 334 2766 Perdendum
349 2705 473 2768 mortale
488 2726 592 2788 genus
637 2705 698 2768 Per
712 2705 836 2768 flumina
846 2703 914 2789 juro

143 2800 249 2879 Inscra,
265 2804 319 2864 sub
334 2804 416 2866 terris
431 2803 537 2887 Stygio
552 2803 680 2866 labentia
698 2804 777 2880 luco,

143 2899 262 2963 Cuncta
275 2901 355 2984 prius
370 2914 504 2964 tentata:
522 2900 575 2963 sed
590 2901 806 2964 immedicabile
822 2901 929 2963 vulnus
1060 2903 1121 2966 190

142 2997 224 3060 Ense
239 2999 441 3076 recidendum,
456 3021 494 3061 nc
510 3020 577 3083 pars
592 2999 706 3062 sincera
720 2998 874 3062 trahatur.‘

143 3095 218 3158 Sunt
232 3097 303 3158 mihi
320 3096 461 3174 Semidei‚
477 3111 544 3160 sunt
560 3098 668 3161 rustica
681 3098 804 3175 numina
817 3095 847 3159 N
849 3096 980 3181 ymphae,

143 3193 310 3278 Faunique,
326 3195 494 3279 Satyrique,
511 3210 541 3258 et
556 3196 721 3258 monticola
736 3194 868 3273 Silvani:

143 3290 230 3365 Quos
246 3295 383 3377 quoniam
399 3293 467 3356 coeli
483 3294 615 3357 nondum
630 3294 785 3376 dignamur
800 3293 923 3370 honore,

143 3388 229 3463 Quas
244 3392 388 3469 dedimus,
400 3391 481 3454 certe
497 3405 587 3454 terras
602 3392 732 3454 habitare
744 3391 884 3454 sinamus.
1060 3393 1121 3455 195

142 3488 193 3551 An
208 3488 287 3566 satis,
302 3511 321 3550 ο
335 3490 443 3574 superi,
459 3489 613 3552 tutossore
627 3488 746 3553 creditis
760 3489 835 3567 illos,

142 3589 153 3643 t
168 3586 224 3649 ‘lam
239 3587 322 3666 mihi,
338 3588 387 3672 qui
402 3586 524 3666 fulmen,
540 3589 591 3673 qui
605 3608 659 3651 vos
670 3588 838 3672 habeoque,
853 3606 994 3672 rogoque,
