2536 4252
143 473 146 478 .
218 419 279 480 102
508 423 863 475 METAMORPHOSEON.

165 585 167 589 ‘
217 574 395 661 Hesperidas
410 575 535 638 donasse
551 589 647 660 putes.
692 575 725 638 Si
740 575 872 659 postibus
887 574 952 638 altis

215 673 357 736 Admovit
372 674 495 756 digitos3
518 688 617 758 postes
631 673 743 736 radiare
758 673 904 736 videntur.

215 770 268 834 llle
284 772 372 833 etiam
388 771 502 856 liquidis
517 757 629 855 palmas
644 771 693 832 ubi
708 771 818 833 laverat
832 771 930 848 undis,

214 867 305 932 Unda
318 853 414 931 llueus
429 869 533 952 palmis
548 868 676 930 Danaen
691 868 811 930 eludere
828 883 936 952 posset.

259 965 322 1029 Vix
338 988 405 1050 spes
420 967 482 1049 ipse
498 978 564 1027 suas
579 966 677 1028 animo
691 966 780 1049 capit,
796 986 885 1028 aurea
898 966 1011 1048 fingens
1048 968 1057 988 ⁴

214 1062 334 1126 Omnia.
380 1063 528 1125 Gaudenti
543 1083 658 1124 mensas
673 1064 798 1146 posuere
813 1063 946 1140 ministri,

214 1158 389 1223 Exstructas
404 1161 539 1244 dapibus,
553 1182 610 1222 nec
625 1175 707 1222 tostae
723 1159 811 1242 frugis
825 1175 958 1243 egentes.

161 1330 163 1347 Ι
214 1256 295 1319 Tum
311 1257 393 1335 verti,
408 1253 532 1324 sive.ille
547 1258 601 1319 suri
616 1258 754 1320 Cerealia
769 1257 875 1320 dextra

214 1351 341 1416 Munera
355 1355 527 1438 contigerat,
543 1354 680 1417 Cerealia
695 1355 771 1417 dona
785 1355 926 1437 rigebant.

168 1497 172 1504 .
214 1451 284 1513 Sive
299 1452 390 1536 dapes
405 1452 492 1514 avido
506 1452 673 1515 convellere
688 1453 776 1514 dente
799 1453 930 1536 parabat,
1015 1481 1019 1487 ·

214 1543 340 1611 Lamina
355 1548 434 1611 lulva
448 1550 540 1633 dapes
556 1550 674 1612 admoto
689 1551 778 1612 dente
793 1551 935 1613 nitebant.

214 1643 376 1708 Miscuerat
392 1648 470 1730 puris
485 1662 636 1709 auctorem
651 1649 779 1710 muneris
791 1648 887 1725 undis,
934 1726 938 1730 Α
988 1642 990 1647 ’

214 1739 316 1804 Fusile
333 1744 489 1826 perrierus
504 1766 605 1807 aurum
622 1745 735 1807 fluitare
752 1745 876 1807 videres.

256 1835 412 1902 Attonitus
424 1843 552 1903 novitate
568 1842 646 1918 mali,
662 1842 814 1926 divesque,
826 1843 971 1927 miserque

214 1935 356 2019 Effugere
370 1952 454 2021 optat
467 1959 557 2022 opes:
581 1953 622 2016 et,
638 1961 701 2023 quae
716 1940 806 2002 modo
821 1956 953 2017 voverat,
967 1940 1040 2004 odit.

213 2033 312 2119 Copia
326 2037 406 2098 nulla
421 2034 528 2098 samem
544 2037 671 2100 relevat:
695 2038 756 2100 sitis
771 2038 850 2100 arida
864 2052 963 2120 guttur

213 2128 291 2209 Urit,
307 2147 336 2196 et
352 2133 442 2196 inviso
457 2135 576 2215 meritus
591 2148 741 2219 torquetur
755 2136 791 2196 ab
806 2157 886 2197 auro.

214 2227 264 2289 Ad
278 2229 447 2312 coelumque
462 2252 566 2293 manus
582 2245 612 2292 et
626 2231 780 2313 splendida
793 2231 912 2293 brachia
925 2230 1042 2308 tollens,

213 2325 282 2387 ‘Da
296 2326 423 2404 veniam,
438 2325 548 2389 Lenaee
564 2341 665 2411 pater3
688 2328 897 2411 peccavimus,'
914 2327 1022 2411 inquit:

212 2422 293 2484 ‘Sed
308 2424 455 2502 miserere,
472 2447 584 2508 precor,
600 2426 794 2510 speciosoque
809 2427 889 2509 eripe
904 2425 1034 2488 damu0.’

211 2519 288 2584 Mite
304 2521 393 2584 derim
407 2545 516 2585 numen
532 2524 672 2586 Bacchus
689 2525 828 2607 peccasse
844 2521 986 2586 fatentem

212 2617 364 2696 Restituit,
380 2635 555 2703 pactamque
572 2606 670 2698 fidem,
686 2621 753 2683 data
768 2621 1011 2698 munerasolvit.

142 2748 143 2751 ¹
212 2715 318 2778 ‘Neve
334 2718 411 2779 mal'e
426 2732 527 2800 optato
542 2739 661 2779 maneas
676 2719 854 2781 circumlitus
869 2740 950 2797 aure,

213 2812 320 2890 Vade,’
332 2815 387 2891 ait,
403 2815 458 2876 ‘ad
474 2816 585 2897 magnis
600 2815 727 2877 vicinum
744 2815 883 2878 Sardibus
897 2837 1035 2895 amnem;

212 2909 330 2994 Perque
342 2911 447 2996 jugum
462 2914 568 2976 montis
583 2912 747 2976 labentibus
760 2913 864 2977 obvius
879 2914 963 2976 undis

212 3005 314 3088 Carpe
330 3008 425 3085 viam;
448 3008 543 3071 donec
559 3010 658 3072 venias
673 3010 710 3072 ad
726 3010 853 3073 fluminis
868 3025 959 3072 ortus.

212 3101 438 3188 Spumiseroque
453 3119 535 3167 tuum
551 3105 632 3182 sonti,
648 3109 707 3189 qud
724 3108 862 3189 plurimus
877 3107 949 3184 exit,

211 3201 312 3264 Subde
328 3218 434 3286 eaput:
457 3224 622 3286 corpusque
637 3203 734 3279 simul,
750 3204 836 3265 simul
852 3204 918 3266 elue
934 3204 1068 3269 crimen!

211 3296 283 3360 Rex
292 3297 380 3382 jussae
394 3297 526 3360 succedit
542 3320 634 3382 aqua.
681 3298 735 3362 Vis
751 3321 838 3362 aurea
855 3300 940 3364 tinxit

211 3395 350 3474 Flumen,
362 3411 391 3459 et
406 3396 534 3457 humano
549 3396 587 3457 de
601 3419 723 3480 corpore
737 3399 825 3462 cessit
840 3399 866 3461 in
883 3391 1012 3462 amnem.

212 3491 301 3556 Nunc
316 3515 432 3578 quoque
444 3493 506 3579 jam
522 3495 630 3556 veteris
646 3513 787 3578 percepto
803 3496 914 3584 semiue
931 3518 1013 3560 venae

213 3589 295 3653 Arva
308 3592 410 3675 rigent,
425 3613 496 3656 auro
509 3592 634 3656 madidis
649 3593 788 3677 pallentia
801 3593 904 3675 glebis.
