2536 4252
148 405 217 468 182.
248 411 254 417 ·
550 409 704 460 rarsrm.

145 559 306 623 Successor
320 561 373 625 suit
386 562 434 624 hic
449 560 511 637 tibi,
521 559 634 638 Galle3
656 558 828 642 Propertius
842 557 895 621 illi.

189 657 322 732 Quartus
337 660 373 721 ab
388 660 434 721 his
448 659 523 728 serie
538 658 679 742 temporis
694 658 758 740 ipse
773 656 825 720 sui.

149 755 248 840 thue
265 779 321 839 ego
335 757 472 841 majores,
486 756 529 818 sic
544 777 593 817 me
608 756 728 818 coluere
742 755 888 817 minores:
1084 755 1128 818 55

188 840 327 938 Notaque
342 876 401 916 non
416 853 499 916 tarde
515 853 593 916 sacta
607 841 718 914 Thalia
733 872 802 914 mea
815 865 871 915 est.

146 951 289 1015 Carmina
303 955 372 1014 oum
388 952 517 1036 primum
531 939 650 1034 poptilo
655 949 798 1035 juvenilia
812 949 890 1033 legi3

167 1049 287 1131 ,Barba
302 1065 415 1112 resecta
431 1049 502 1111 milri
517 1049 600 1111 bisve
614 1048 747 1110 semelve
765 1047 829 1110 suit.

146 1147 283 1211 Moverat
299 1148 459 1230 ingenium,
474 1161 566 1209 totam
581 1160 699 1209 cantata
715 1167 769 1229 per
783 1144 909 1224 Urbem,

187 1244 316 1308 Nomine
332 1268 390 1307 non
406 1267 476 1307 vero
491 1245 570 1308 dicta
584 1243 717 1308 Corinna
738 1243 822 1307 mihi.
1083 1245 1127 1308 60

145 1343 241 1406 Multa
257 1345 377 1428 quidem
391 1344 512 1427 scripsi:
535 1343 589 1406 sed
604 1365 667 1426 quae
684 1342 789 1406 vitiosa
803 1341 916 1427 putavi,
931 1345 936 1355 '

188 1441 396 1505 Emendaturis
411 1443 526 1524 ignibus
541 1442 604 1525 ipse
620 1440 701 1505 dedi.

60 1598 63 1602 .
144 1539 225 1602 Tum
242 1563 371 1624 quoque,
386 1541 455 1603 clun
472 1539 615 1622 sugerem,
632 1539 766 1625 quedam
782 1538 924 1622 placitura
937 1540 1080 1612 cremavi,

139 1680 143 1686 ,
187 1638 280 1701 Iratus
296 1640 392 1701 studio
407 1638 642 1723 carminibusque
665 1637 750 1700 uteie.

144 1735 250 1814 Molle,
266 1736 442 1820 Cupidineis
456 1758 512 1800 nec
527 1736 756 1819 inexpugnabile
771 1735 836 1798 telis
1082 1737 1127 1799 65

186 1835 249 1898 Cor
262 1836 345 1911 mihi,
362 1835 499 1920 quodque
515 1835 588 1897 levis
602 1855 693 1896 causa
706 1845 851 1910 moveret,
865 1846 939 1896 erat.

144 1932 225 1995 Cirm
240 1947 340 1995 tamen
356 1932 413 1994 lroc
429 1924 538 2008 essem,
554 1931 736 2014 minimoque
751 1930 931 1995 accenderer
945 1930 1024 2015 igui3
1102 1926 1106 1932 ’
1160 1918 1163 1924 ’

85 2091 87 2098 ,
186 2028 315 2093 Nomine
330 2031 384 2093 sub
399 2045 498 2092 nostro
513 2029 611 2093 sabula
625 2029 706 2092 nulla
720 2027 785 2093 suit.
851 2080 856 2089 .

143 2126 229 2192 Penb
246 2129 317 2192 mihi
334 2151 426 2214 puero
441 2151 498 2192 nec
513 2129 612 2212 digna,
626 2149 684 2192 nec
698 2129 787 2206 utilis,
802 2150 879 2192 uxor

185 2226 242 2290 Est
257 2227 341 2290 data:
366 2250 429 2312 quae
446 2241 564 2312 tempus
579 2227 724 2311 perbreve
738 2241 833 2311 nupta
846 2226 911 2291 suit.
1081 2232 1126 2294 to

143 2324 189 2391 llli
204 2327 356 2403 successit,
373 2328 507 2410 quamvis
521 2326 585 2390 sine
600 2325 732 2402 crimine,
745 2325 876 2411 conjux3

184 2423 255 2488 Non
270 2438 370 2487 tamen
385 2425 415 2488 in
430 2439 530 2488 nostro
544 2425 627 2486 firma
641 2423 738 2486 sutura
752 2436 827 2486 toro.
851 2481 853 2485 .
1013 2507 1016 2513 Ι

143 2521 266 2601 Ultima,
282 2546 345 2609 quae
361 2546 480 2587 mecum
495 2545 575 2587 seros
589 2523 748 2608 permansit
762 2522 793 2585 in
807 2544 911 2601 annos,

185 2620 328 2682 Sustinuit
343 2619 453 2706 conjux
468 2620 580 2683 exsulis
595 2639 661 2710 esse
678 2619 740 2682 viri.
959 2627 961 2630 '

142 2715 218 2780 Filia
233 2739 282 2779 me
298 2739 366 2780 mee
379 2717 423 2780 bis
438 2717 533 2801 primii
547 2715 694 2795 soecunda.
696 2716 835 2802 juventi,
919 2801 922 2806 .

185 2815 246 2877 Sed
261 2838 319 2878 non
335 2837 376 2878 ex
391 2837 451 2877 uno
464 2814 604 2901 conjuge,
620 2815 689 2878 secit
704 2837 804 2892 avum.

142 2911 184 2976 Et
194 2913 257 2998 jam
271 2914 436 2998 complerat
450 2914 566 2996 genitor
579 2934 633 2977 sua
647 2913 724 2992 sata3
746 2934 915 2998 novemque

184 3011 348 3074 Addiderat
363 3012 459 3075 lustris
475 3013 567 3077 ultera
580 3013 672 3076 lustra
686 3035 806 3076 novem.
846 3080 848 3084 Α

142 3109 211 3174 Non
227 3111 311 3173 aliter
325 3110 405 3188 flevi,
422 3113 511 3196 quem
526 3133 576 3175 me
592 3111 714 3175 fleturus
731 3111 906 3194 ademptum

183 3208 775 3295 mmmmmwm
880 3233 916 3259 ω
1080 3178 1198 3276 ω’

141 3306 260 3373 Felices
274 3309 373 3387 ambo,
388 3307 628 3393 tempestiveque
642 3308 763 3392 sepulti,

185 3407 265 3470 Ante
281 3408 359 3470 diem
374 3429 471 3491 poenae
486 3407 565 3492 qubd
582 3407 696 3490 periere
711 3407 804 3472 mee!

67 3510 70 3523 ”
142 3502 196 3569 Me
211 3526 329 3590 quoque
345 3504 473 3583 felicem,
488 3505 568 3590 quod
583 3526 643 3567 non
658 3493 898 3570 viventibusillis

182 3601 258 3668 Sum
271 3602 377 3681 miser3
399 3602 483 3667 etde
497 3622 546 3666 me
562 3601 643 3687 qubd
657 3601 781 3667 doluere
794 3603 886 3668 nibil!
906 3624 909 3629 ·

1172 1415 1184 1453 Ι
