2536 4252
505 432 590 498 nun,
611 433 756 484 nauum.

181 582 298 665 lniguae
314 583 430 646 dabitur
442 607 502 646 non
517 585 589 648 mihi
603 587 702 648 sulcus
720 605 814 668 aquae.
893 612 896 616 ·

143 683 183 748 At
197 683 266 744 cum
281 697 409 744 maturas
424 684 491 745 fisso
505 705 582 746 nova
596 683 704 746 cortica
718 684 807 746 rimas

183 779 256 844 Nux
270 782 348 863 agit3
370 782 408 844 ad
422 796 520 865 partes
535 783 647 867 pertica
661 804 738 846 saeva
754 783 845 845 venit.

141 878 259 944 Partica
274 880 324 942 dat
339 881 432 964 plenis
449 880 571 944 immitia
586 881 710 944 vulnera
723 880 810 944 ramis
819 902 829 959 ;

183 976 232 1041 Ne
248 978 359 1062 possim
373 978 504 1063 lapidum
519 980 644 1043 verbera
656 978 720 1042 sola
735 979 828 1063 queri.
865 1060 867 1065 ,

143 1075 238 1139 Poma
251 1075 370 1153 cadunt,
385 1077 492 1140 mensis
506 1099 565 1140 non
580 1077 734 1140 interdieta
749 1077 905 1156 secundis;

185 1174 226 1238 Et
239 1175 342 1238 condis
356 1175 462 1256 lectas„
473 1198 563 1258 parca
581 1176 697 1254 colona,
712 1197 814 1240 nuces.

141 1271 242 1351 Felix,
256 1288 371 1337 secreto
386 1295 450 1358 quae
465 1288 533 1337 nata
549 1288 594 1337 est
608 1275 693 1337 arbor
706 1275 736 1336 in
750 1295 839 1353 arvo;

185 1370 227 1434 Et
240 1372 294 1434 soli
310 1371 429 1435 domino
444 1372 518 1435 serre
533 1373 641 1436 tributa
656 1373 773 1456 potest!
1077 1377 1133 1441 10.

145 1467 213 1532 Non
228 1470 381 1533 hominum
396 1471 534 1554 strepitus
550 1471 640 1549 audit,
656 1461 716 1533 non
731 1470 779 1533 illa
799 1483 944 1536 rotarum:

164 1631 166 1636 .
185 1567 254 1632 Non
269 1591 288 1631 a
302 1569 398 1633 vicina
412 1570 617 1653 pulverulenta
633 1567 681 1632 viai
695 1582 750 1632 est.

143 1665 197 1729 Illa
212 1689 277 1745 suo,
293 1689 475 1752 quacunque
490 1668 566 1746 tulit,
581 1668 651 1730 dare
667 1666 745 1731 dona
758 1667 876 1745 colono,

185 1765 226 1828 Et
242 1767 344 1850 plenos
359 1764 469 1830 fructus
483 1766 675 1830 adnumerare
691 1779 799 1850 potest.

144 1864 186 1927 At
200 1865 271 1927 mihi
281 1878 414 1947 ⁸maturos
429 1887 578 1951 nunquam
594 1865 665 1928 licet
679 1855 768 1928 edere
783 1861 891 1942 soetus;
1074 1864 1119 1930 75

186 1963 267 2026 Ante
282 1962 422 2048 diemque
437 1984 510 2027 mea
527 1963 715 2028 decutiuntur
732 1983 817 2047 opes.
832 2023 834 2026 .

144 2059 270 2124 Lamina
283 2062 379 2124 mollis
393 2062 491 2124 adhue
505 2075 608 2124 tenero
622 2061 694 2124 dum
707 2061 795 2138 lacte,
811 2058 891 2145 quod
905 2058 981 2125 iutrd
995 2073 1059 2139 eat3

186 2157 254 2220 Nea
268 2159 347 2220 mala
361 2171 430 2221 sunt
443 2158 496 2220 ulli
510 2171 610 2221 nostra
622 2157 720 2221 sutura
733 2157 830 2220 bono:

144 2255 164 2316 J
167 2277 215 2316 am
230 2267 330 2318 tamen
345 2254 488 2333 invenias,
504 2254 554 2340 qui
569 2274 618 2318 me
628 2251 806 2340 jaculentur,
821 2266 853 2317 et
867 2253 928 2318 istu
1101 2319 1104 2326 ,

189 2351 391 2417 Praesestinato
404 2375 514 2418 munus
526 2353 615 2418 inane
630 2365 745 2439 petant.
1075 2350 1122 2418 80

146 2451 180 2514 Si
194 2451 244 2513 fiat
258 2458 347 2536 rapti,
360 2451 411 2515 fiat
424 2472 562 2514 mensura
574 2451 679 2529 relicti,

188 2547 337 2633 Majorem
351 2548 461 2639 domiui
475 2561 570 2633 parte,
584 2548 689 2627 viator,
702 2548 803 2612 habes.

146 2647 233 2731 Sapo
249 2647 363 2732 aliquis,
378 2645 452 2710 foliis
467 2660 500 2711 ut
513 2647 592 2711 nuda
607 2646 761 2711 cacumina
776 2646 860 2726 vidit,

190 2745 266 2809 Esse
283 2759 368 2830 putat
382 2743 489 2811 Borea
504 2745 584 2810 triste
599 2744 721 2809 furentis
734 2764 820 2828 opus.

148 2834 648 2930 AEstibus-hic,hicme'spoliatam
662 2840 892 2926 frigorecredit:
1077 2841 1122 2908 85

172 2940 175 2945 ’
194 2941 251 3005 Est
266 2964 393 3028 quoque,
409 2942 458 3027 qui
471 2943 583 3006 crimen
597 2940 744 3024 grandinis
758 2959 823 3003 esse
837 2951 934 3024 putet.

148 3040 193 3104 At
206 3041 278 3104 mihi
292 3061 355 3103 uec·
363 3039 484 3122 grando,
499 3038 578 3102 duris
591 3038 685 3103 inrisa
697 3038 821 3116 colonis,

79 3183 87 3194 ·
192 3136 259 3203 Nec
273 3151 378 3200 ventus
391 3137 497 3214 fraudi,
512 3137 607 3215 solve,
622 3137 730 3219 geluve
744 3135 809 3200 suit.

150 3235 278 3298 Fructus
291 3234 392 3297 obest:
415 3234 566 3318 peperisse
580 3247 684 3298 nocet:
707 3247 796 3298 nocet
810 3255 875 3298 esse
891 3233 1037 3298 feracem:
1076 3310 1081 3337 ¹

193 3331 331 3416 Quaeque
346 3331 399 3393 suit
414 3332 523 3410 multis,
537 3345 568 3396 et
582 3332 654 3395 mihi
668 3332 767 3418 prada
780 3332 859 3396 malo
875 3344 931 3394 est.
1082 3333 1125 3395 90
1146 3365 1148 3370 ·

151 3430 255 3494 Praeda
269 3430 358 3508 ma10,
374 3429 534 3514 Polydore,
551 3429 604 3494 suit
618 3430 687 3494 tibi:
710 3431 809 3514 praeda
823 3428 956 3494 nesandae

193 3527 338 3613 Conjugis
352 3527 484 3591 Aonium
499 3527 577 3593 misit
590 3528 621 3592 in
634 3550 716 3592 arma
730 3528 836 3591 virum.

152 3625 291 3710 Hesperii
305 3626 384 3709 regis
399 3628 530 3710 pomaria
544 3641 607 3691 tuta
622 3626 761 3690 fuissent:

193 3722 265 3789 Una
279 3724 333 3786 sed
347 3724 504 3787 immensas
518 3725 604 3788 arbor
617 3724 745 3787 habebat
759 3741 844 3806 opes.
