2536 4252
558 396 667 447 LIBER
682 396 730 447 IX.
796 423 798 428 .

153 542 307 632 Deianira,
322 559 399 625 tuas,
419 547 498 634 (quae
514 547 592 611 veris
606 547 716 610 addere
731 546 820 610 falsa·

151 641 281 723 Gaudet,
297 659 327 708 et
342 668 359 707 e
374 644 497 708 minimis
511 667 565 709 sua
579 666 633 729 per
647 644 801 708 mendacia
815 641 935 732 crescit)

150 741 440 827 Amphitryoniaden
455 742 536 806 Ibles
550 743 653 806 ardore
668 743 772 806 teneri.

148 839 256 905 Credit
270 863 388 906 amans:
413 839 599 925 Venerisque
613 863 697 904 novae
712 840 866 926 perterrita
881 839 960 904 larnai

147 937 273 1002 Indulsit
288 939 384 1024 primb
399 939 537 1024 lacrymis
546 963 555 1018 3
578 939 738 1024 flendoque
753 939 886 1003 dolorem
931 943 934 948 ’

147 1035 276 1101 Diffudit
290 1037 455 1101 miseranda
468 1060 574 1102 suum:
596 1060 670 1103 nrox
684 1038 804 1116 deinde,
823 1037 927 1112 ‘Quid
942 1050 1043 1101 autem
1089 1040 1120 1101 la

110 1204 113 1212 ,
146 1134 271 1199 Flemus
280 1137 302 1199 i'
325 1137 384 1215 ait3
407 1144 416 1175 ‘
426 1138 527 1222 pellex
543 1137 680 1221 lacrymis
695 1136 839 1200 laetabitur
852 1137 914 1216 istis
924 1135 945 1214 3'

72 1229 74 1234 ’
114 1234 117 1236 ’
147 1231 226 1306 Quae
251 1231 390 1318 quoniam
412 1234 563 1312 adventat,
580 1233 811 1318 properandum,
826 1233 994 1317 aliquidque
1016 1253 1129 1296 novan-

276 1331 347 1394 dum
363 1344 419 1393 est.
731 1339 732 1343 ’

55 1472 73 1497 -,
110 1499 112 1503 ,
146 1416 333 1511 Conquerar,
348 1450 386 1491 an
400 1428 525 1490 sileam?
546 1441 680 1511 repetam
696 1425 863 1511 Calydona,
877 1427 1034 1491 moreme?
1084 1443 1087 1446 '

56 1541 58 1544 ’
147 1524 305 1604 Excedam
319 1525 427 1590 tectis?
450 1547 498 1603 an,
513 1526 538 1588 si
552 1525 624 1588 nihil
640 1525 776 1612 amplius,
791 1525 907 1588 obstem
916 1525 939 1590 l'

137 1652 140 1657 ·
188 1621 328 1686 incursus
343 1622 457 1686 animus
473 1623 566 1688 varios
580 1623 681 1686 habet.
725 1622 874 1688 Omnibus
888 1623 930 1688 illi
1087 1625 1127 1690 15
1195 1625 1198 1632 ’

146 1718 279 1785 Praetulit
293 1721 436 1785 imbutam
451 1720 569 1786 Nesseo
579 1713 724 1805 sanguine
739 1736 854 1787 vestem

145 1817 287 1897 lllittere;
310 1841 375 1904 qua
391 1820 467 1886 vires
482 1819 599 1885 delecto
613 1821 717 1884 reddat
731 1821 835 1885 amori.
856 1856 859 1861 >

144 1916 311 2004 Ignaroque
327 1919 440 1997 Lichae,
455 1920 525 2005 quid
540 1920 639 1984 tradat¹
648 1920 759 1999 nescia,
770 1921 867 1984 luctus

144 2015 214 2099 Ipsa
228 2038 298 2080 suos
313 2014 416 2081 tradit:
439 2017 613 2103 blandisque
628 2013 791 2082 miserrima
804 2018 898 2083 verbis
923 2031 925 2036 '

106 2113 233 2180 ‚Dona
248 2115 300 2178 det
314 2115 450 2193 illenim,
464 2116 595 2178 mandat.
640 2115 733 2200 Capit
746 2116 855 2180 inscius
870 2118 970 2195 heros,
1080 2117 1124 2182 20
1213 2182 1216 2187 ,

143 2211 337 2296 lnduiturque
352 2212 487 2275 humeris
497 2213 627 2276 Lcmaeae
645 2213 722 2275 virus
738 2212 893 2276 Echidnae.
952 2270 957 2280 .

185 2309 290 2373 Thura
306 2310 394 2373 dabat
410 2311 521 2394 primis,
536 2325 567 2374 et
582 2311 673 2373 verba
688 2312 848 2395 precantia,
864 2312 990 2376 dammis
999 2333 1009 2390 ;

145 2406 283 2491 Vinaque
299 2429 476 2470 marmoreas
491 2409 594 2492 patera
609 2407 749 2471 fundebat
764 2408 794 2470 in
809 2430 889 2473 aras:
962 2475 966 2483 ,

81 2586 83 2590 ¹
144 2504 270 2567 Incaluit
285 2505 329 2566 vis
343 2506 393 2567 illa
406 2505 494 2582 mali;
516 2506 701 2589 resolutaque
716 2505 842 2568 dammis

145 2600 311 2667 Herculeos
326 2601 406 2679 abiit,
421 2601 480 2664 lat'e
496 2600 611 2679 diffusa,
626 2624 681 2686 per
690 2595 784 2664 artus.

144 2688 228 2763 Dum
244 2700 349 2784 potuit,
365 2699 450 2763 solitb
464 2701 607 2784 gemitum
625 2701 729 2764 virtute
744 2700 892 2785 repressit.

146 2798 234 2861 Victa
248 2798 331 2861 malis
347 2812 502 2884 postquam
517 2799 668 2885 patientia,
683 2800 791 2883 repulit
805 2820 887 2877 aras3

144 2895 341 2981 Implevitque
356 2897 415 2970 suis
430 2909 617 2961 nemomsutn
634 2897 755 2961 vocibus
769 2897 885 2973 OEten„
949 2931 951 2934 >

143 2994 210 3058 Ne'c
225 3017 325 3073 mora3
347 2995 490 3059 letiferam
505 3011 629 3060 conatur
642 2996 924 3083 scindere'rvestem:
1037 3079 1039 3083 Α

144 3092 217 3167 Qua
233 3095 365 3172 trahitur,
381 3095 469 3157 trahit
483 3094 531 3158 illa
546 3109 664 3173 cutem;
686 3093 858 3179 soedumque
873 3096 978 3175 relatu,
1077 3100 1120 3163 30
1138 3088 1142 3094 ¹
1173 3095 1175 3100 ’

96 3230 111 3249 ·,
143 3192 207 3254 Aut
223 3193 312 3254 haeret
326 3193 464 3255 membris
479 3192 583 3255 frustra
597 3207 709 3257 tentata
720 3194 843 3272 'revelli;

143 3290 207 3352 Aut
221 3289 332 3352 laceros
347 3303 435 3366 artus,
451 3304 482 3352 et
495 3292 614 3372 grandia
630 3291 740 3372 detegit
754 3313 831 3355 ossa.

117 3387 123 3406 ⁸
144 3386 211 3470 lpse
227 3409 322 3464 cruor,
338 3388 437 3469 gelido
450 3409 507 3450 ceu
524 3389 671 3472 quondam
687 3388 794 3452 lamina
808 3390 938 3453 candens

143 3484 252 3547 Tincta
267 3487 343 3563 lacu,
358 3487 471 3563 stridit3
493 3488 687 3571 coquiturque
702 3486 823 3551 ardente
838 3509 964 3550 veneno.
980 3480 984 3488 ’

144 3581 209 3645 Nee
225 3584 329 3646 modus
344 3598 407 3647 est:
430 3585 549 3648 sorbent
563 3586 655 3661 avida
672 3586 831 3668 precordia
844 3585 989 3650 flamma:
1075 3588 1119 3652 35
