2536 4252
180 405 223 469 94
494 407 844 460 nasamonrnosaon

180 561 400 646 Caeruleusque
417 561 481 625 fluit
495 572 558 624 toto
573 559 611 622 de
624 580 748 644 corpore
763 560 868 623 sudor:

180 661 379 746 Ambustique
394 674 500 723 sonant
513 659 613 723 nervi:
636 658 774 743 cecique
789 658 926 722 medullis

127 792 131 798 ·
179 759 267 822 Tabe
281 758 456 843 liquefactis,
472 757 596 822 tendens
611 757 649 821 ad
663 756 758 820 sidera
776 757 900 842 palmas,

167 864 189 895 ·‘
200 856 364 936 Cladibus‚'
381 857 539 934 exclamat,
556 855 721 934 ‘Saturnia
736 878 858 941 pascere
872 856 996 920 nostris:

134 955 137 962 ’
180 955 326 1018 Pascere:
350 968 381 1018 et
396 955 472 1018 hane
487 969 604 1039 pestem
618 969 731 1039 specta,
746 955 883 1032 erudelis,
899 955 935 1017 ab
950 955 1028 1018 alto·
1116 959 1159 1021 40

180 1051 412 1138 Corqueserum
426 1053 508 1116 satia.
554 1051 615 1115 Vel
629 1053 653 1116 si
667 1052 848 1116 miserandus
863 1066 894 1116 et
909 1053 1004 1131 hosti3

182 1150 300 1232 (Hostis
315 1152 394 1215 enim
409 1151 462 1216 tibi
476 1149 557 1238 sum)
575 1151 642 1215 diris
657 1152 832 1215 cruciatibus
846 1172 964 1234 egram,

179 1249 369 1336 Invisamque
383 1251 521 1328 animam,
536 1264 695 1334 natamque
709 1250 867 1328 laboribus,
882 1249 975 1313 auser.
1097 1315 1102 1318 „

78 1384 82 1388 -
179 1347 262 1412 Mors
276 1349 347 1413 milri
362 1370 469 1412 munus
484 1348 556 1412 erit:
580 1347 669 1410 decet
682 1349 750 1411 haec
765 1348 835 1410 dare
851 1349 929 1412 dona
942 1358 1114 1437 novercam:

179 1445 261 1530 Ergo
275 1469 332 1530 ego
347 1447 508 1511 soedantem
522 1447 678 1531 peregrino
692 1447 805 1530 templa
818 1469 922 1510 eruore
1115 1448 1159 1512 45
1195 1525 1200 1538 Ι
1247 1496 1250 1501 .

47 1560 51 1567 ’
135 1588 139 1596 -
179 1544 297 1609 Busirin
313 1546 434 1609 domui?
456 1567 593 1629 saevoque
608 1545 746 1608 alimenta
760 1545 888 1629 parentis

180 1643 287 1707 Antaeo
302 1644 416 1728 eripui?
438 1665 495 1707 nee
511 1665 558 1706 me
574 1643 695 1727 pastoris
710 1642 788 1706 Iberi

179 1739 289 1806 Forma
304 1742 430 1826 triplex3
452 1755 510 1805 nec
525 1740 618 1805 forma
632 1742 740 1826 tn'plex
754 1755 816 1819 tua,
831 1740 975 1820 Cerbere,
989 1740 1110 1805 moniti

179 1840 282 1904 Vosne
296 1862 401 1904 manus
415 1840 503 1904 validi
518 1840 662 1924 pressistis
676 1861 787 1903 cornua
800 1839 899 1904 tauri?

179 1937 321 2003 Vestrum
336 1961 410 2023 opus
427 1938 490 2002 Elis
505 1939 606 2015 habet,
623 1954 752 2002 vestrum
768 1937 992 2022 Stymphalides
1006 1937 1103 2016 undar,
1114 1940 1158 2000 50

178 2036 432 2121 Partheniumque
446 2039 573 2102 nemus?
595 2037 694 2100 vestra
707 2038 814 2101 virtute
832 2037 942 2100 relatus

177 2133 448 2199 'lbennodontiaco
462 2135 582 2199 caelatus
596 2136 711 2199 balteus
726 2157 808 2213 auro,

177 2230 332 2317 Pomaque
347 2233 384 2296 ab
398 2233 524 2297 insomni
539 2233 616 2297 malie
631 2234 778 2297 custodita
791 2234 941 2298 dracone?

178 2329 245 2395 Nee
259 2331 332 2395 mibi
346 2330 490 2395 Centauri
505 2333 630 2416 potuere
644 2332 790 2409 resistere,
804 2353 861 2395 nec
875 2331 918 2395 mi

177 2428 312 2492 Arcadia
329 2442 457 2492 vastator
471 2451 561 2513 aper;
582 2451 640 2494 neo
654 2429 763 2514 profuit
778 2428 891 2514 Hydra
959 2506 961 2514 ἢ
1113 2430 1156 2493 55

178 2523 323 2590 Crescere
338 2549 392 2611 per
408 2527 560 2606 damnum,
575 2529 767 2613 geminasque
781 2549 931 2592 resumere
946 2527 1044 2592 vires?

178 2623 283 2698 Quid?
306 2627 374 2687 crim
388 2624 522 2689 Thracas
538 2648 641 2711 equos,
656 2628 786 2691 humano
800 2626 942 2709 sanguine
957 2627 1092 2710 pingues,

178 2721 333 2806 Plenaque
348 2724 518 2806 corporibus
534 2724 638 2786 laceris
652 2726 795 2809 praesepia
809 2725 880 2803 vidi,
941 2749 952 2774 a

180 2818 312 2904 Visaque
327 2819 433 2905 dejeci,
448 2821 659 2906 dominumque
674 2823 813 2907 ipsosque
828 2822 963 2907 peremi?

179 2915 235 2979 His
251 2919 322 2980 elisa
333 2918 413 3003 jacet
427 2920 521 2983 moles
536 2919 679 2985 Nemeaea
693 2921 830 2985 lacertis?
1042 2909 1045 2912 ⁴
1102 2921 1147 2984 60

179 3014 248 3078 Hto
263 3018 373 3078 coelum
388 3019 505 3092 cervice
519 3019 593 3083 tuli?
637 3019 764 3084 Defessa
775 3019 908 3106 jubendo
923 3032 968 3082 est

178 3113 265 3176 Saeva
278 3113 361 3176 lovis
376 3113 502 3199 conjux:
526 3137 583 3198 ego
597 3138 662 3180 sum
678 3119 842 3182 indefessus
856 3117 983 3201 agendo.
1073 3179 1076 3184 .

179 3212 240 3275 Sed
255 3233 332 3274 nova
346 3213 437 3295 pestis
451 3213 552 3277 adest:
576 3215 624 3277 cui
638 3237 694 3278 nec
709 3218 815 3280 virtute
832 3218 934 3294 resisti,

178 3308 244 3373 Nec
260 3311 325 3373 telis
340 3310 464 3374 annisve
480 3327 588 3395 potest.
633 3312 828 3379 Pulmonibus
843 3329 920 3378 errat

178 3407 256 3490 lgnis
271 3410 349 3471 edax
364 3409 440 3486 imis,
456 3432 567 3493 perque
582 3434 685 3475 omnes
701 3415 829 3496 pascitur
845 3429 935 3478 artus.
1113 3413 1156 3476 65

178 3507 220 3569 At
237 3508 314 3569 valet
330 3507 529 3591 Eurystheus
545 3523 575 3570 et
589 3525 667 3586 sunt,
684 3512 733 3594 qui
748 3513 869 3575 credere
886 3514 997 3597 possint

71 3673 73 3677 ⁸
179 3602 254 3667 Esse
270 3605 372 3669 deosi’
419 3607 517 3670 Dixit.
563 3608 681 3693 Perque
697 3609 788 3673 altum
804 3613 921 3676 saucius
935 3612 1031 3676 OEten
