2536 4252
145 320 189 387 84
461 321 807 372 METAMORPHOSEON

144 474 216 542 Huc
231 474 281 539 ubi
296 475 431 558 pervenit
444 472 515 536 belli
532 472 691 535 metuenda
707 472 807 554 virago
816 491 825 548 ;

75 626 82 633 .
145 574 287 639 Constitit
301 588 368 646 ante
385 573 516 648 domum,
534 570 646 656 (neque
662 570 741 632 enim
756 569 916 631 succedere
931 569 1017 633 tectis

143 671 203 736 Fas
218 669 323 758 habet)
341 685 372 733 et
388 684 487 754 postes
503 667 638 731 extremi
651 667 774 750 cuspide
789 667 896 750 pulsat.
1059 672 1128 734 370

144 769 307 834 Concussae
323 769 445 853 patuire
461 767 547 829 fores.
593 764 685 827 Videt
699 766 776 827 intus
792 764 931 828 edentem

146 868 293 952 Vipereas
308 888 421 943 carnes,
437 865 572 927 vitiorum
587 863 726 925 alimenta
739 885 870 941 suorum,

144 965 307 1029 Invidiam:
332 965 453 1047 visaque
468 962 569 1024 oculos
585 961 701 1023 avertit.
746 962 790 1023 At
805 961 853 1023 illa

144 1063 243 1146 Surgit
258 1064 348 1125 humo
363 1060 463 1146 pigri:
486 1080 726 1142 semesarumque
741 1059 878 1142 relinquit

146 1160 282 1244 Corpora
296 1159 486 1244 serpentirn:
510 1179 655 1241 passuque
671 1157 779 1219 incedit
794 1156 878 1219 inerti
1057 1159 1125 1221 375

145 1257 248 1343 thue
263 1258 350 1321 deam
366 1257 438 1319 vidit
454 1255 607 1340 somnique
623 1255 769 1340 armisque
784 1254 932 1329 decoram,

144 1355 307 1444 Ingemuit:
330 1357 503 1440 vultumque
519 1354 578 1417 ima
592 1354 629 1417 ad
643 1354 767 1438 suspiria
780 1353 875 1416 duxit.

145 1454 244 1517 Pallor
258 1457 286 1517 in
302 1477 351 1518 ore
367 1454 468 1517 sedet:
492 1453 601 1516 macies
613 1454 643 1516 in
657 1474 780 1536 corpore
795 1466 857 1514 toto

147 1536 398 1644 Nusquam‘recta
413 1552 509 1613 acies:
533 1551 624 1613 livent
639 1551 770 1632 rubigine
785 1550 906 1613 dentes:

145 1647 273 1710 Pectora
288 1648 355 1710 selle
373 1648 483 1709 virent:
506 1647 606 1728 lingua
620 1661 664 1710 est
679 1649 789 1723 suffusa
804 1668 930 1710 veneno.
1056 1649 1124 1712 380

45 1765 48 1774 ’
145 1743 237 1807 Risus
252 1745 353 1822 abest3
376 1745 429 1807 nisi
445 1767 533 1828 quern
549 1744 602 1807 visi
619 1746 737 1808 morire
753 1746 877 1809 dolores.

146 1839 214 1905 Nec
228 1842 330 1904 fruitur
344 1864 458 1919 somno,
474 1843 642 1925 vigilacibus
657 1844 756 1906 excita
769 1843 863 1906 curis:

146 1938 208 2002 Sed
224 1940 304 2002 videt
319 1941 456 2022 ingratos,
472 1940 684 2024 intabescitque
700 1941 838 2018 videndo,

146 2036 307 2100 Successus
323 2038 491 2100 hominum:
514 2038 666 2122 carpitque
681 2052 712 2100 et
725 2039 853 2122 carpitur
866 2036 937 2101 uni.

146 2133 391 2219 Suppliciumque
406 2157 492 2198 suurn
507 2151 563 2198 est
609 2135 756 2209 Quamvis
771 2151 870 2199 tamen
885 2136 986 2200 oderat
1000 2136 1091 2215 illam,

145 2231 270 2295 Talibus
286 2233 373 2296 affata
387 2248 433 2296 est
447 2234 575 2297 breviter
588 2232 722 2296 Tritonia
741 2234 841 2298 dictis:
1056 2233 1124 2300 386

145 2328 253 2392 ‘Infice
270 2330 337 2392 tabe
354 2331 405 2393 tui
420 2346 552 2394 natarum
569 2330 713 2458 Cecropis
727 2354 833 2396 unam:

145 2425 195 2489 Sic
209 2449 284 2511 opus
299 2441 354 2491 est.
399 2429 544 2511 Aglauros
560 2450 596 2491 ea
611 2429 677 2490 est!
723 2428 813 2492 Haud
828 2431 911 2514 plura
925 2431 1056 2496 locuta

46 2591 51 2605 Ι
144 2523 304 2607 Fugi13et
320 2527 461 2609 impressa
446 2525 611 2590 tellurem
626 2528 733 2623 repulit
749 2527 843 2590 hasti.

143 2622 198 2685 Illa
214 2624 300 2685 deam
315 2625 434 2708 obliquo
449 2626 608 2706 lugientem
625 2618 735 2687 lumine
751 2648 892 2704 cernens3
965 2615 969 2623 ⁴
1048 2630 1122 2693 *390

143 2719 297 2782 Murmura
312 2742 402 2803 parva
418 2723 516 2798 dedit3
538 2745 801 2808 successurumque
817 2723 959 2787 Minervae

143 2817 288 2879 Indoluit:
312 2818 509 2901 baculumque
525 2820 621 2901 capit;
645 2820 722 2903 quod
737 2822 839 2903 spinea
854 2835 948 2883 totum

76 2955 82 2968 ·
145 2914 273 2977 Vincula
287 2916 460 2996 cingebant:
484 2917 683 3000 adopertaque
699 2919 824 2980 nubibus
839 2919 917 2995 atris,

142 3013 332 3097 Quicunque
349 3014 518 3095 ingreditur,
531 3001 662 3076 florentia
678 3017 798 3098 proterit
814 3038 894 3093 arva,

142 3111 308 3195 Exuritque
324 3112 440 3187 herbas,
456 3125 485 3172 ct
500 3133 614 3188 summa
628 3113 780 3175 cacumina
794 3115 908 3196 carpit.
1052 3117 1119 3178 395

144 3209 315 3293 Afflatuque
330 3231 384 3270 suo
399 3208 536 3291 populos,
550 3209 707 3293 urbesque,
723 3210 885 3294 domosque

143 3305 268 3369 Polluit:
294 3321 324 3368 et
339 3306 458 3367 tandem
473 3305 627 3368 Tritonida
641 3309 784 3391 conspicit
798 3331 915 3386 arcem,

60 3471 68 3479 ‚
143 3402 279 3485 Ingeniis,
294 3404 469 3486 opibusque,
485 3418 514 3465 et
528 3402 603 3466 sesti
617 3426 690 3487 pace
707 3407 865 3470 virentem:

142 3500 264 3586 Vixque
280 3515 361 3564 tenet
375 3503 539 3591 lacrymas,
563 3503 631 3586 quia
644 3504 686 3566 nil
700 3504 890 3589 lacrymabile
905 3505 1010 3569 cernit.
