2536 4252
376 414 390 449 x
530 417 732 488 crunnum.
788 428 789 435 ¹
838 400 876 465 ’,

187 562 302 626 Littore
317 564 460 632 Threicio
475 567 600 629 classem
615 546 752 650 religiral
765 569 897 646 Atrides,

146 658 229 724 Dum
243 683 323 725 mare
339 678 488 747 pacatum,
504 665 694 749 dumventus
706 667 825 729 amicior
840 681 928 731 esset.
999 729 1003 736 ,
1057 673 1123 739 435

145 758 327 838 Hic'subito,
344 776 481 846 quantus,
495 764 565 825 cum
584 764 707 841 viveret,
722 786 787 827 esse
801 766 925 846 solebat,

145 856 219 920 Exit
233 858 324 921 humo
339 858 398 925 late
413 860 511 943 mpti,
526 861 686 946 similisque
701 863 820 940 minaci,

144 955 304 1040 Temporis
318 957 395 1021 illius
410 959 523 1023 vultum
538 958 684 1024 referebat
698 961 844 1039 Achilles,

145 1053 218 1128 Quo
233 1053 312 1118 sems
326 1055 433 1141 injusto
447 1057 533 1141 petiit
546 1058 776 1141 Agamemnona
790 1059 877 1124 serro.
967 1078 969 1082 ’

146 1151 415 1238 ‘Immemoresque
431 1155 491 1217 mei
506 1155 674 1234 disceditis,'
690 1157 795 1241 inquit,
811 1159 940 1223 ‘Achivi
949 1161 965 1224 i·
1058 1165 1123 1229 440

144 1249 318 1335 Ohmtaque
334 1265 379 1314 est
392 1254 638 1318 mecum‘virtutis
652 1255 745 1336 gratia
758 1259 885 1320 nostrael
1004 1255 1007 1260 ’

145 1347 194 1410 Ne
208 1347 314 1411 facite:
337 1363 429 1433 utque
444 1372 545 1413 meum
560 1373 620 1413 non
635 1351 672 1414 sit
686 1352 749 1414 siue
765 1353 876 1415 honore
891 1355 1071 1438 sepulcrum,

144 1445 251 1510 Placet
265 1446 420 1511 Achilleos
435 1461 563 1511 mactata
578 1448 738 1532 Polyxena
753 1451 878 1513 manes!

116 1534 119 1538 ⁸
188 1544 292 1608 Dixit:
316 1558 357 1624 et,
372 1545 476 1609 immiti
491 1546 576 1610 sociis
591 1547 761 1631 parentibus
775 1549 897 1627 umbro,

145 1640 247 1725 Rapta
260 1643 325 1705 sinu
341 1644 450 1721 matris,
466 1666 555 1729 quam
565 1643 627 1730 jam
643 1645 738 1730 prope
753 1645 815 1709 sola
829 1645 960 1726 fovebat,
1056 1650 1122 1715 445

144 1738 254 1818 Fortis,
269 1755 300 1804 et
314 1740 426 1820 infelix,
441 1757 472 1806 et
487 1744 644 1828 plusquam
658 1743 790 1820 foemina,
806 1745 889 1826 virgo
1145 1747 1151 1755 '

136 1836 273 1901 Ducitur
287 1839 325 1902 ad
339 1841 496 1919 tumulum,
511 1841 633 1927 diroque
648 1843 680 1904 fit
694 1842 789 1905 hostia
803 1841 900 1904 busto.

146 1934 224 2008 Qun
240 1958 355 2000 memor
368 1939 432 2026 ipsa
445 1941 501 2017 sui,
519 1954 675 2026 postquam
690 1940 858 2004 crudelibus
873 1939 929 2003 aris

147 2033 277 2118 Admota
292 2050 337 2099 est
345 2058 354 2114 3
375 2038 526 2123 sensitque
540 2039 595 2103 sibi
610 2039 672 2103 fera
685 2060 769 2104 sacra
783 2039 897 2122 parari3

146 2131 248 2216 thue
264 2131 497 2218 Neoptolemum
511 2150 649 2214 stantem,
664 2135 834 2220 ferrumque
849 2149 1013 2215 tenentem,
1056 2139 1123 2203 450

147 2229 239 2314 lnque
254 2252 308 2301 suo
323 2232 395 2295 vidit
409 2233 549 2316 figentem
564 2234 676 2297 lumina
691 2235 794 2310 vultu;
850 2283 853 2292 .

147 2328 259 2392 ‘Utere
269 2328 447 2414 jamdudum
461 2353 606 2413 generoso
620 2330 783 2416 sanguine,’
799 2330 892 2394 dixit:

147 2425 255 2490 ‘Nulla
270 2449 352 2491 mora
367 2443 423 2492 est.
467 2430 511 2492 At
525 2443 557 2492 tu
568 2429 683 2515 jugulo,
700 2429 747 2492 vel
763 2443 895 2512 pectore,
910 2428 1003 2491 telum

146 2523 253 2586 Conde
268 2546 336 2588 meo
346 2525 364 2586 :'
384 2525 581 2610 jugulumque
596 2527 684 2590 simul
699 2539 864 2616 pectusque
879 2525 999 2588 retexit.

43 2702 46 2707 Ι
147 2622 286 2684 ‘Scilicet
301 2637 352 2686 aut
365 2623 417 2685 ulli
432 2624 540 2686 servire
555 2623 715 2708 Polyxena
730 2621 847 2709 senfem,
876 2677 879 2681 .
1058 2623 1124 2689 455

146 2721 209 2782 Aut
224 2741 278 2804 per
293 2721 350 2783 tale
365 2742 481 2785 sacrum
495 2744 606 2785 numen
617 2722 785 2821 placebitur
799 2720 904 2784 ullum.

146 2817 228 2881 Mors
246 2820 358 2882 tantum
374 2819 483 2883 vellem
497 2834 622 2884 matrem
637 2842 705 2883 mea
719 2819 819 2883 fallere
839 2830 950 2902 posset.

145 2905 246 2991 Mater
259 2919 363 2996 obest3
385 2918 549 3004 minuitque
565 2919 647 2983 necis
660 2919 732 2981 mihi
746 2918 869 3002 gaudia:
893 2916 1027 3001 quamvis

145 3014 214 3078 Non
229 3038 296 3079 mea
311 3010 389 3080 mors
404 3017 455 3095 illi,
471 3017 574 3081 verum
586 3039 639 3080 sua
654 3018 714 3080 vita
727 3015 874 3099 gemenda
896 3029 951 3078 est.

146 3111 210 3175 Vos
225 3114 325 3192 modo,
340 3137 378 3177 ne
394 3104 514 3199 Stygios
529 3116 634 3178 adeam
650 3137 709 3201 non
724 3116 816 3178 libera
832 3135 945 3192 manes,
1058 3113 1123 3176 460

145 3209 354 3295 Esteprocu13
376 3213 399 3275 si
411 3212 491 3297 justa
506 3227 594 3297 peto:
618 3227 759 3297 tactuque
776 3212 873 3275 viriles

145 3307 287 3391 Virgineo
302 3324 454 3373 removete
469 3332 591 3374 manus:
615 3312 766 3395 acceptior
779 3311 831 3387 illi,

144 3404 288 3491 Quisquis
303 3408 327 3470 is
342 3409 397 3485 est,
413 3430 501 3492 quem
517 3408 602 3472 caede
617 3408 686 3471 meai
699 3409 816 3493 placare
832 3405 950 3493 paratis,
1042 3481 1050 3491 ,
1079 3434 1083 3442 ·

145 3503 235 3567 Liber
249 3506 304 3569 erit
317 3507 445 3590 sanguis.
490 3507 523 3570 Si
539 3530 611 3592 quos
627 3522 725 3570 tamen
736 3507 840 3569 ultima
854 3502 945 3566 nostri

148 3600 226 3666 Vota
239 3619 362 3669 movent
376 3606 453 3685 oris;
475 3606 585 3671 Priami
602 3629 654 3671 vos
668 3606 728 3669 filia
742 3604 831 3686 regis,
1059 3599 1126 3664 465
