2536 4252
141 412 185 478 62
344 437 348 442 ·
452 421 800 472 uxrauonruosnon

183 572 297 637 Verum
311 573 361 635 ubi
376 572 513 634 virtutem
528 572 619 634 turbae
633 570 825 634 succumbere
840 570 923 648 vidit,
998 647 1010 662 ο
1055 574 1119 636 120

139 678 148 710 ‘
157 672 334 748 Auxilium,'
351 671 489 747 Perseus,
505 671 661 754 ‘quoniam
677 670 718 732 si'c
733 669 836 751 cogitis
852 669 928 752 ipsi,'

138 769 235 847 Dixit,
251 771 307 832 ‘ab
322 770 406 831 hoste
422 783 540 852 petam3
563 768 660 830 vultus
675 767 798 829 avertite
814 783 937 845 vestros,
1025 816 1028 821 .

138 867 169 930 Si
186 869 250 951 quis
265 867 375 929 amicus
391 866 501 928 adest?
524 879 554 928 et
569 864 715 946 Gorgonis
730 865 843 927 extulit
851 886 911 956 ora.

138 963 266 1038 ‘Quaere
281 964 381 1041 alium,
395 977 447 1026 tua
462 985 551 1048 quem
565 977 703 1026 moveant
717 962 876 1041 miraculn‚’
892 963 966 1026 dixit
1010 972 1034 1007 ⁸
1063 1024 1069 1035 ,

137 1062 320 1125 Thescelus:
344 1075 434 1146 utque
449 1083 538 1123 manu
550 1060 683 1145 jaculum
698 1059 786 1123 fatale
802 1060 922 1143 parabat
1052 1063 1115 1127 125

139 1159 268 1236 Mittere,
284 1160 313 1222 in
329 1160 386 1222 hoc
401 1146 484 1221 lraesit
499 1159 615 1240 signum
631 1158 668 1220 de
684 1179 829 1220 marmore
846 1172 941 1240 gestu.

137 1257 295 1320 Proximus
310 1258 379 1321 huic
394 1258 522 1341 Ampyx
537 1257 625 1319 animi
641 1256 810 1340 plenissima
823 1257 922 1338 magni

137 1350 263 1418 Pectora
278 1355 420 1439 Lyncidae
435 1356 532 1438 gladio
546 1355 638 1439 petit:
661 1354 749 1438 inque
765 1354 896 1438 petendo

136 1452 272 1516 Dextera
286 1454 412 1535 diriguit,
427 1475 484 1515 nec
499 1438 572 1516 lint
584 1466 675 1539 mota,
689 1473 746 1514 nec
758 1452 843 1514 ultra.

139 1552 179 1613 At
195 1551 310 1627 Nileus,
326 1551 422 1634 quise
437 1551 569 1632 genitum
584 1550 778 1634 septemplice
794 1549 865 1614 Nilo
1053 1553 1114 1617 130

137 1647 305 1725 Ementitus
320 1662 393 1724 erat,
407 1648 517 1731 clypeo
532 1669 650 1732 quoque
666 1647 787 1710 flumina
801 1661 916 1732 septem

137 1747 270 1829 Argento
285 1747 401 1831 partim,
417 1747 522 1830 partim
536 1747 692 1809 celaverat
707 1766 787 1823 auro,

109 1872 113 1877 ·
137 1845 309 1929 ‘Adspice,'
325 1847 375 1922 ait,
391 1845 533 1921 ‘Perseu,
549 1859 652 1906 nostrae
668 1844 825 1928 primordia
839 1843 951 1926 gentist

136 1941 249 2024 Magna
262 1942 338 2005 seres
353 1943 455 2005 tacitas
470 1942 571 2004 solatia
585 1943 686 2004 mortis
701 1942 738 2004 ad
752 1941 880 2020 umbras,

136 2041 167 2102 A
182 2054 263 2103 tanto
276 2041 418 2103 cecidisse
435 2040 518 2102 viro.'
562 2039 635 2102 Pars
651 2039 753 2101 ultima
768 2039 848 2102 vocis
1052 2040 1113 2104 135

136 2136 171 2199 In
186 2139 284 2200 medio
294 2159 457 2222 suppressa
470 2159 544 2200 sono
558 2151 619 2200 est:
642 2137 840 2221 adapertaque
856 2137 933 2200 velle

136 2234 198 2297 Ora
213 2236 292 2320 loqui
307 2237 427 2313 credas3
449 2257 505 2298 nec
519 2249 587 2299 sunt
602 2257 638 2298 ea
653 2235 754 2319 pervia
768 2232 876 2306 verbis.

136 2331 272 2418 Increpat
288 2335 352 2411 hos,
368 2333 528 2417 ‘Vitioque
545 2333 644 2410 animi,
659 2354 719 2395 non
733 2332 881 2410 crinibus,'
898 2331 1002 2417 inquit,

136 2431 318 2515 ‘Gorgoneis
334 2431 475 2516 torpetis,'
494 2430 596 2515 Eryx:
620 2430 774 2493 ‘incurrite
789 2452 926 2508 mecum;

135 2529 176 2593 Et
192 2532 364 2614 prosternite
381 2529 462 2593 humi
473 2529 626 2616 juvenem,
641 2529 756 2611 magica
770 2551 850 2592 arma
863 2528 1055 2593 moventem!

136 2628 305 2691 Incursurus
321 2642 400 2704 erat,
422 2629 515 2690 tenuit
531 2630 653 2710 vestigia
667 2628 770 2690 tellus:
1049 2629 1108 2692 141

136 2725 338 2809 immotusque
353 2725 439 2800 silex,
455 2738 623 2809 annataque
638 2725 744 2787 mansit
760 2724 866 2808 imago.

135 2821 176 2886 Hi
192 2830 290 2886 tamen
306 2844 347 2884 ex
362 2822 466 2884 merito
481 2844 601 2905 poenam
616 2823 749 2900 subiere3
771 2823 914 2885 sedunus
988 2817 991 2823 ’
1031 2841 1038 2854 ·

135 2921 224 2984 Miles
240 2935 302 2983 erat
317 2920 430 2997 Persei,
446 2942 569 3005 proquo
585 2921 655 2983 dum
670 2935 792 3004 pugnat,
808 2921 974 3000 Aconteus,

134 3019 275 3102 Gorgone
290 3019 453 3103 conspecti
466 3040 539 3081 saxo
554 3020 703 3081 concrevit
718 3019 831 3085 oborto.
1048 3020 1110 3082 145

135 3116 237 3191 Quem
253 3130 331 3179 ratus
346 3117 495 3199 Astyages
510 3116 670 3179 etiamnum
684 3117 796 3193 vivere,
811 3117 901 3199 longo

134 3213 216 3277 Ense
232 3214 315 3277 serit:
337 3215 434 3276 sonuit
448 3214 596 3276 tinnitibus
612 3215 689 3276 ensis
704 3215 808 3279 acutis.

137 3312 217 3374 Dum
232 3325 332 3396 stupet
346 3311 506 3394 Astyages,
521 3327 653 3374 naturam
668 3313 757 3375 traxit
772 3311 916 3375 eandem:

134 3408 362 3495 Marmoreoque
378 3424 478 3472 manet
493 3410 590 3472 vultus
604 3411 733 3473 mirantis
749 3411 778 3474 in
792 3432 854 3474 ore.

134 3505 264 3589 Nomina
278 3509 366 3592 longa
379 3529 465 3571 mora·
476 3520 520 3570 est
535 3506 633 3569 medii
647 3508 684 3570 de
699 3508 788 3592 plebe
803 3509 932 3572 virorum
1048 3501 1114 3571 150'

134 3605 255 3669 Dicere.
299 3606 354 3670 Bis
368 3620 488 3671 centum
504 3605 651 3668 restabant
664 3627 788 3690 corpora
801 3627 925 3690 pugna:
