2536 4252
151 378 211 457 1'56
477 373 505 424 ·.
534 407 737 457 -fluuomss
814 429 818 435 »

147 550 210 614 lrus
226 572 327 632 egens,
343 550 517 634 pecorisque
533 550 716 614 Melanthius
732 567 814 616 actor
826 553 945 632 edendi,

189 648 321 712 Ultimus
335 648 482 711 accedunt
496 650 524 711 in
540 664 591 713 tua
606 651 713 713 damna
730 651 835 734 pudor.
944 635 949 646 ⁵

145 746 224 810 Tres
238 768 339 810 sumus
354 746 488 809 imbelles
502 769 626 820 numero
640 771 648 825 ;
669 749 732 811 sine
747 750 855 813 viribus
869 771 956 826 uxor,

189 843 373 928 Laertesque
389 866 493 922 senex,
508 845 769 931 Telemachusque
785 868 869 930 puer.

148 941 201 1006 llle
216 965 270 1028 per
284 943 401 1006 insidias
417 944 494 1028 pene
510 959 555 1006 est
569 944 641 1007 mihi
656 967 751 1028 nuper
765 946 943 1029 ademptus3

73 1040 76 1045 ’
188 1041 272 1104 Dum
288 1055 381 1126 parat,
396 1042 492 1105 invitis
507 1043 654 1121 omnibus,
669 1043 711 1106 ire
726 1043 837 1128 Pylon.

56 1135 59 1140 ¹
139 1138 190 1204 'Di
211 1162 317 1224 precor
331 1141 388 1203 hoc
399 1139 534 1225 jubeant,
550 1155 593 1218 ut,
610 1142 747 1204 euntibus
761 1143 863 1205 ordine
878 1141 955 1224 satiS,

188 1237 243 1302 Ille
259 1261 342 1301 meos
357 1239 458 1302 oculos
473 1239 659 1322 comprimat,
676 1240 723 1302 ille
738 1253 815 1303 tuos.

145 1336 215 1400 Hoc
231 1336 341 1401 saciunt
355 1351 515 1421 custosque
531 1338 632 1414 boum,
648 1327 840 1422 longevaque
854 1338 974 1402 nutrix:

187 1434 319 1514 Tertius,
334 1436 491 1499 immunde
506 1457 576 1498 cura
590 1436 683 1498 fidelis
700 1437 787 1499 harae.

72 1527 76 1533 ’
146 1534 207 1597 Sed
224 1557 321 1617 neque
336 1532 473 1611 Laertes,
488 1548 522 1596 ut
537 1533 586 1619 qui
601 1534 638 1596 sit
654 1521 762 1597 inutilis
778 1534 876 1612 annis,

188 1630 333 1695 Hostibus
348 1633 378 1695 in
393 1632 497 1696 mediis
511 1652 601 1714 regna
615 1646 716 1695 tenere
732 1633 822 1695 valet.
1065 1637 1128 1699 100

144 1728 331 1794 Telemacho
346 1731 446 1794 veniet
464 1728 561 1816 (vivat
575 1729 680 1816 modo)
699 1729 799 1794 sortior
813 1744 899 1794 etas:

187 1826 277 1891 Nunc
293 1843 355 1891 erat
370 1827 485 1891 auxiliis
500 1828 549 1890 illa
563 1828 673 1891 tuenda
688 1829 789 1913 patris.

145 1922 212 1988 Nec
226 1925 298 1988 milri
313 1939 381 1988 sunt
396 1925 472 1988 vires
486 1926 620 1989 inimicos
635 1927 745 2009 pellere
760 1927 857 1992 tectis.

186 2021 237 2085 Tu
252 2023 338 2085 citihs
354 2024 466 2101 venias,
480 2037 581 2108 portus
597 2038 628 2087 et
642 2045 692 2087 ara
706 2025 774 2088 tuis.

144 2118 201 2183 Est
216 2120 278 2198 tibi,
293 2121 401 2206 sitque,
417 2142 532 2205 precor,
547 2136 644 2200 uatus,
660 2122 711 2208 qui
725 2125 863 2187 mollibus
876 2123 959 2187 annis
1063 2127 1124 2190 105

186 2218 221 2281 In
237 2219 344 2303 patrias
359 2234 436 2284 artes
452 2220 630 2283 emdiendus
645 2234 719 2284 erat.

144 2315 276 2402 Respice
292 2318 440 2382 La'e'rten:
464 2317 570 2402 ut-jam
585 2320 642 2380 sua
653 2318 764 2381 lumina
778 2318 901 2385 condas.

186 2414 365 2479 Extremum
382 2415 431 2479 sati
445 2415 569 2479 sustinet
583 2415 632 2478 ille
647 2415 737 2479 diem.

143 2511 237 2577 cent
252 2536 319 2597 ego,
335 2536 400 2600 quae
415 2513 539 2592 sueram,
554 2529 584 2577 te
599 2513 781 2592 discedente,
797 2513 908 2599 puella,

184 2611 324 2676 Protinus
340 2627 373 2676 ut
386 2613 500 2691 redeas,
515 2612 593 2676 sacta
607 2612 730 2676 videbor
744 2616 837 2676 anus.2
1061 2617 1124 2680 110

472 2834 693 2900 EPISTOLA
715 2833 789 2899 Vll.

523 3005 606 3050 mno
627 3006 740 3049 AENEAE·

141 3115 222 3196 SIC,
237 3116 288 3181 ubi
302 3116 362 3180 seta
376 3131 494 3195 vocant,
509 3118 575 3181 udis
589 3118 721 3202 abjectus
737 3118 766 3182 in
782 3118 891 3200 herbis,

183 3215 235 3278 Ad
251 3215 326 3278 vada
341 3213 484 3278 Maeandri
499 3215 629 3280 concinit
643 3216 727 3279 albus
743 3217 817 3280 olor.

140 3311 171 3376 N
173 3334 219 3391 ec,
235 3313 304 3398 quia
317 3327 347 3377 te
362 3312 461 3376 nostra
473 3335 593 3427 sperem
608 3336 698 3400 prece
713 3338 801 3401 posse
816 3319 940 3398 moveri,

183 3411 345 3496 Alloquor:
369 3412 495 3475 adverso
510 3413 655 3477 movimus
671 3414 726 3477 ista
739 3414 807 3478 deo.

140 3506 250 3572 Certus
265 3531 297 3572 es
312 3510 354 3573 ire
370 3524 481 3589 tamen,
496 3511 692 3596 miseramque
707 3513 873 3598 relinquere
888 3513 989 3580 Dido:
1098 3519 1121 3580 5

183 3606 285 3692 Atque
299 3607 379 3672 idem
394 3609 475 3673 venti
490 3609 557 3672 vela
571 3608 721 3695 fidemque
736 3609 843 3675 serent.
