2536 4252
149 345 192 407 ³6
462 351 809 401 neranoarnosron

149 499 215 567 Hos
229 516 316 564 necat
330 503 443 565 afflatos
458 500 563 565 funesti
580 503 648 564 tabe
663 501 781 564 veneni.

192 599 327 662 Fecerat·
333 600 456 682 exiguas
466 599 529 684 jam
544 601 588 662 sol
602 601 758 662 altissimus
773 600 909 663 umbras:

149 695 226 770 Qua
241 719 325 761 mora
338 698 375 761 sit
389 699 475 761 sociis
489 699 607 760 miratur
622 698 762 780 Agenore
776 713 881 776 nutus3

149 794 344 882 Vestigatque
359 798 445 860 viros.
489 796 635 879 Tegimen
650 797 773 881 derep’ta
788 796 866 860 leoni

148 891 240 981 Pellis
255 907 318 957 erat
326 916 335 972 ;
357 895 450 957 telum
463 895 629 979 splendenti
644 895 748 958 lancea
762 894 848 972 ferro,

149 989 190 1054 Et
199 990 350 1075 jaotdum3
372 993 490 1076 teloque
506 993 619 1055 animus
634 994 814 1077 praestantior
828 992 919 1057 omui.

148 1087 192 1151 Ut
206 1111 311 1152 neruus
325 1090 455 1168 intravit,
467 1091 615 1174 letataque
630 1113 753 1175 corpora
769 1090 851 1169 vidit,

151 1185 360 1273 Victoremque
375 1189 464 1273 supra
477 1189 596 1274 spatiosi
609 1190 738 1274 corporis
753 1190 869 1253 hostem

146 1284 255 1349 Tristia
268 1287 431 1370 sanguinei
444 1287 624 1351 lambentem
639 1288 760 1351 vulnera
774 1288 893 1371 linguir3

148 1389 156 1419 ·'
166 1383 229 1448 Aut
244 1386 319 1449 ultor
334 1400 446 1464 vestra,
460 1386 600 1449 fidissima
613 1380 746 1469 corpora,
760 1387 872 1464 mortis,

146 1482 211 1545 Aut
224 1484 345 1561 comes‚'
361 1484 465 1567 inquit,
480 1491 489 1521 ‘
498 1484 571 1547 ero!
617 1483 720 1547 Dixit:
743 1484 908 1569 dextrique
923 1485 1064 1548 molarem

109 1593 117 1607 ‘
146 1578 270 1643 Sustulit
278 1602 288 1658 ;
309 1595 339 1644 et
353 1603 492 1663 magnum
508 1603 614 1665 magno
628 1583 780 1645 conamine
795 1583 885 1647 misit.
931 1636 935 1642 .

145 1675 228 1740 lllius
243 1678 370 1762 impulsu
384 1701 453 1742 cum
469 1680 593 1743 turribus
607 1681 697 1742 ardua
710 1680 796 1743 celsis

147 1773 262 1838 Moenia
276 1790 356 1839 mota
370 1776 481 1841 sorent:
504 1799 624 1862 serpens
639 1777 701 1840 siue
716 1779 837 1842 vulnere
850 1779 967 1845 mansit.

145 1871 319 1958 Loricaeque
334 1876 423 1938 modo
437 1876 564 1959 squamis
579 1875 727 1951 defensus,
743 1890 773 1938 et
788 1891 855 1939 atrae

146 1970 264 2034 Duritia
280 1971 374 2055 pellis,
391 1973 502 2036 validos
514 1989 582 2036 cute
597 1973 705 2057 repulit
720 1973 805 2038 ictus.

145 2070 189 2132 At
203 2091 262 2133 non
278 2070 384 2133 duritii
394 2070 526 2156 jaculum
541 2093 658 2156 quoque
674 2071 763 2134 vincit
778 2071 906 2152 eidem:

146 2165 239 2240 Quod
254 2167 353 2231 medio
367 2169 454 2232 lentae
468 2170 560 2232 fixum
574 2190 744 2232 curvamine
759 2169 849 2254 spine
917 2239 933 2258 „

145 2265 305 2343 Constitit;
328 2281 358 2329 et
372 2280 436 2330 toto
450 2267 601 2330 descendit
616 2267 645 2329 in
660 2267 709 2330 ilia
723 2266 809 2330 serro.

145 2362 210 2441 Ille,
224 2363 324 2427 dolore
340 2365 435 2442 ferox,
449 2378 539 2448 caput
554 2365 582 2428 in
597 2386 649 2428 sua
663 2378 746 2448 terga
760 2365 891 2430 retorsit:

145 2459 337 2548 Vulneraque
353 2463 500 2548 adspexit,
515 2463 666 2548 fixumque
681 2463 786 2526 hastile
800 2464 969 2528 momordit.

144 2557 248 2645 quue,
264 2561 314 2625 ubi
329 2562 357 2625 vi
372 2562 467 2627 multi
480 2577 594 2647 partem
608 2562 746 2627 labefecit
760 2562 790 2625 in
807 2584 938 2641 ornnem,

124 2679 129 2683 ·
145 2656 208 2721 Vix
222 2671 305 2742 tergo
320 2661 443 2744 eripuit:
467 2659 575 2722 ferrum
589 2673 688 2722 tamen
703 2661 817 2724 ossibus
831 2661 933 2723 hoeret.

68 2814 71 2823 .
143 2755 225 2817 Tum
240 2752 322 2835 verb}
337 2770 494 2841 postquam
508 2756 606 2820 solitas
620 2759 742 2821 accessit
757 2759 795 2821 ad
808 2759 864 2822 iras

132 2851 237 2935 Plaga
251 2875 366 2932 recens,
381 2853 476 2938 plenis
491 2867 661 2918 tumuerunt
675 2869 793 2938 guttura
807 2857 908 2922 venis:

143 2952 316 3036 Spumaque
331 2952 482 3037 pestiferos
496 2953 672 3018 circumfluit
686 2954 783 3018 albida
797 2956 903 3025 rietus:

142 3048 295 3135 Terraque
310 3072 375 3113 rasa
389 3064 473 3114 sonat
486 3052 634 3135 squamis:
658 3052 767 3135 quique
782 3054 890 3117 balitus
905 3055 970 3118 exit

142 3147 205 3210 Ore
222 3148 303 3230 niger
317 3147 422 3232 Stygio
437 3149 551 3212 vitiatas
564 3149 654 3212 inficit
668 3171 764 3213 auras.

143 3244 211 3328 lpse
227 3246 316 3308 modd
331 3247 508 3326 immensum
523 3247 607 3331 spiris
622 3245 794 3311 facientibus
808 3249 912 3312 orbern

143 3342 296 3426 Cingitur:
319 3344 466 3407 interdum
480 3345 569 3428 longi
582 3343 663 3409 trabe
679 3347 784 3409 rectior
797 3346 871 3410 exit.

22 3463 25 3468 ·
113 3474 116 3479 ·
142 3439 258 3526 Impete
273 3465 352 3506 nuno
367 3458 460 3521 vasto,
474 3465 530 3507 ceu
545 3444 677 3507 concitus
692 3444 831 3508 imbribus
846 3444 951 3523 amnis,

143 3536 259 3618 Fertur,
275 3554 305 3603 et
323 3543 473 3606 obstantes
489 3543 639 3626 proturbat
653 3556 774 3626 pectore
789 3542 888 3606 silvas.
