2536 4252
582 359 749 408 crauatv.
836 389 837 392 ,
977 406 981 416 ,
1109 353 1182 424 53ἡ

175 506 264 572 Nunc
279 530 397 594 quoque
412 530 468 573 uec
484 507 599 591 sugium
613 508 775 585 hominem,
789 529 845 572 nec
862 509 983 571 vulnere
998 508 1123 574 laeduut:

174 604 318 691 Quidque
334 607 543 692 praefuerint,
561 606 666 690 placidi
681 607 842 669 meminere
859 605 1011 684 dracones.

413 823 512 865 A'rhas
538 823 571 864 ΙΝ
593 821 729 864 ΜΟΝΤΕΜ
750 822 910 864 MU'I'ATUS·

509 1022 512 1029 .
601 994 631 1035 v.
649 975 722 1070 620.

215 1095 288 1158 lude
304 1117 357 1180 per
371 1097 547 1159 immensum
562 1096 657 1159 ventis
672 1094 853 1176 discordibus
868 1106 952 1158 aotsu

173 1191 262 1256 Nunc
277 1194 347 1272 huc,
362 1217 441 1257 nunc
456 1195 536 1272 illuc,
552 1194 692 1276 exemplo
707 1194 792 1255 nubis
806 1214 934 1276 aquosae,

174 1289 291 1368 Fertur,
308 1306 338 1354 et
353 1313 391 1354 ex
408 1293 467 1354 alto
481 1291 618 1354 seductas
634 1291 743 1352 aethere
758 1289 846 1370 longe

164 1387 339 1472 Despectat
354 1403 462 1466 terras3
484 1402 639 1471 totumque
654 1388 822 1470 supervolat
837 1387 950 1449 orbem.

174 1486 238 1548 Ter
251 1487 362 1569 gelidas
376 1487 496 1564 Arctos,
510 1500 555 1548 ter
570 1486 678 1548 Cancri
694 1485 811 1548 brachia
827 1484 915 1549 vidit:

174 1584 261 1668 Saepe
275 1585 331 1646 'sub
346 1605 478 1660 occasus,
493 1604 571 1668 saepe
587 1598 632 1646 est
648 1584 760 1646 ablatus
776 1583 804 1645 iu
820 1597 911 1646 ortus.

173 1682 300 1767 Jamque
315 1682 440 1745 cadente
456 1682 514 1759 die,
530 1682 638 1744 veritus
652 1703 684 1744 se
700 1681 821 1744 credere
837 1681 927 1759 nocti,

128 1849 132 1852 a
173 1778 315 1844 Constitit
331 1779 489 1865 Hesperie,
504 1781 601 1862 reguis
615 1780 754 1857 Atlantis,
770 1781 798 1842 in
814 1780 904 1857 orbe3

176 1877 383 1963 Exiguamque
398 1878 473 1963 petit
487 1878 630 1963 requiem,
646 1877 717 1941 dum
733 1878 855 1940 Lucifer
869 1878 952 1960 ignes

169 1974 292 2040 ‘Evocet
307 1977 441 2054 Aurorae,
455 1998 556 2039 currus
571 1977 689 2039 Aurora
704 1977 833 2038 diurnos.

215 2074 276 2138 Hic
291 2075 443 2138 hominum
458 2088 581 2137 cunctos
596 2073 707 2156 ingenti
722 2095 845 2157 corpore
860 2087 1000 2156 praestans
1046 2087 1050 2096 '

172 2171 375 2258 Japetiouides
390 2173 476 2236 Atlas
490 2172 554 2236 suit.
599 2171 714 2235 Ultima
728 2161 814 2234 tellus

175 2271 261 2354 Rege
275 2273 330 2334 sub
345 2273 414 2348 hoc,
427 2285 459 2334 et
474 2284 580 2381 pontus
595 2283 668 2348 erat,
684 2293 733 2354 qur
725 2270 817 2332 solis
832 2270 946 2334 anhelis

175 2369 306 2453 AEquora
320 2369 417 2431 subdit
432 2368 526 2452 equis,
542 2382 573 2430 et
587 2366 679 2430 sessos
695 2368 807 2450 excipit
822 2388 905 2429 axes.

176 2466 258 2529 Mille
273 2488 377 2549 greges
393 2466 443 2542 illi,
459 2464 641 2576 totidemque
658 2479 770 2526 arment
759 2479 789 2526 ta
804 2486 858 2546 per
872 2439 977 2526 herbas

174 2563 335 2627 Errabant:
359 2576 390 2626 et
403 2561 569 2625 humum
542 2561 647 2624 vicinia
661 2561 741 2623 nulla
756 2561 940 2644 premebant.

173 2662 313 2725 Arboreae
328 2661 457 2738 frondes,
472 2681 543 2722 auro
557 2659 688 2723 radiante
705 2660 842 2738 virentes,

173 2760 224 2823 Ex
240 2782 310 2823 aare
324 2781 431 2837 ramos,
446 2781 487 2821 ex
501 2780 572 2821 auro
587 2780 676 2842 poma
690 2759 839 2841 tegebant.
906 2799 907 2802 =

173 2858 332 2942 ‘Hospes,'
349 2859 389 2921 ait
403 2856 532 2920 Perseus
547 2857 597 2938 illi,
614 2864 685 2920 ‘seu
700 2857 792 2940 gloria
807 2857 900 2940 tangit

172 2955 220 3019 Te
236 2957 351 3040 generis
366 2956 482 3039 maguiJ
505 2955 620 3038 generis
635 2956 707 3019 mihi
721 2955 840 3041 Jupiter
858 2970 976 3019 auctor:

173 3054 243 3117 Sive
259 3076 291 3117 es
306 3055 426 3118 mirator
439 3075 556 3131 rerum;
578 3053 721 3116 mirabere
736 3069 860 3118 nostras.

173 3151 343 3236 Hospitium
359 3148 552 3236 requiemque
568 3152 660 3235 peto.'
706 3151 826 3215 Memor
841 3153 889 3215 ille
906 3166 1029 3214 vetusta
1086 3151 1149 3214 285

173 3252 266 3314 Sortis
281 3264 360 3313 erat:
385 3249 525 3336 (Themis
541 3250 616 3311 banc
632 3249 752 3312 dederat
768 3249 923 3313 Parnassia
937 3247 1061 3335 sortem)

173 3349 338 3433 ‘Tempus,
353 3348 435 3424 Atla,
452 3346 560 3423 veniet,
576 3359 627 3408 tua
641 3368 700 3430 quo
714 3348 885 3431 spoliabitur
899 3369 970 3410 amo

175 3449 286 3511 Arbor:
310 3461 341 3510 et
356 3430 436 3508 huhc
451 3444 556 3528 praedae
571 3444 689 3506 titulum
703 3444 781 3507 Jove
796 3460 881 3507 natus
897 3443 1035 3507 habebit’

174 3545 207 3609 ld
222 3556 369 3623 metuens,
383 3544 482 3608 solidis
497 3544 629 3628 pomaria
643 3543 788 3606 clauserat
803 3544 892 3606 Atlas

132 3640 136 3647 .
429 3642 478 3705 μ
