2536 4252
510 371 639 419 ,arena
663 371 737 421 xur.
1069 364 1125 424 125

154 513 215 577 Sed
231 536 328 600 neque
344 516 526 601 Naupliades
541 519 652 583 facinus
667 521 825 584 defendere
842 536 965 599 tanturn,
1062 526 1126 586 310

152 610 291 697 Tamque
306 629 421 698 patens,
437 617 543 679 valuit:
566 640 622 680 nec
638 641 689 682 vos
703 619 822 682 audistis
838 619 866 681 in
881 619 931 682 illo

154 708 303 788 Crimina3
326 713 453 776 vidistis:
478 716 629 799 pretioque
645 716 761 800 objecta
777 705 926 800 patebant.

166 839 168 843 ·
195 807 263 872 Nec
277 810 473 873 Poeantiaden
489 812 568 896 qubd
588 813 678 878 habet·
694 813 839 878 Vulcania
854 816 995 895 Lemnos,
1044 799 1053 839 ³

153 904 229 968 Esse
244 927 311 968 reus
326 909 418 971 merui
429 930 448 971 :2
460 908 570 972 factum
585 909 733 974 defendite
750 927 895 977 vestrum:

153 1002 349 1067 Consensistis
365 1007 459 1069 eninr:
483 1029 538 1070 nec
553 1030 601 1070 me
616 1010 740 1072 suasisse
755 1011 880 1093 negabo,
1061 1017 1125 1078 315
1203 1052 1208 1069 ι

153 1099 197 1164 Ut
210 1123 242 1164 se
257 1105 440 1166 subtraheret
454 1104 582 1189 bellique
600 1107 711 1191 viaeque
727 1108 828 1187 labori,

151 1198 354 1284 Tentaretque
369 1200 445 1264 feros
459 1203 560 1286 requie
575 1204 665 1266 lenire
682 1205 807 1267 dolores

123 1318 126 1323 ·
151 1296 272 1375 Paruit;
294 1311 325 1361 et
339 1299 420 1376 vivit
466 1298 535 1362 Non
550 1301 613 1379 hacc
628 1302 771 1364 sententia
787 1302 900 1364 tantbm

151 1394 238 1474 Fida,
253 1396 306 1458 sed
321 1411 351 1459 et
365 1395 455 1473 felix;
476 1396 545 1459 curn
560 1397 596 1460 sit
610 1398 689 1475 satis,
705 1420 769 1460 esse
784 1399 912 1462 fidelem.

151 1492 254 1567 Quem
270 1495 407 1578 quoniam
422 1508 504 1557 vates
519 1495 644 1558 delenda
659 1497 695 1558 ad
712 1495 858 1579 Pergama
873 1512 1008 1581 poscunt,
1060 1502 1124 1563 320

151 1590 199 1654 Ne
215 1592 352 1654 mandate
367 1593 455 1655 mihi:
479 1593 582 1656 melitis
597 1592 789 1657 Telamonius
805 1595 867 1672 ibit,
1068 1597 1070 1600 ’

151 1687 338 1773 Eloquioque
353 1690 447 1752 virum
463 1690 570 1753 morbis
585 1690 685 1775 iraque
701 1691 850 1754 furentem

149 1784 277 1864 Molliet,
293 1778 343 1849 aut
357 1786 455 1871 aliquit
469 1788 612 1871 producet
625 1789 748 1852 callidus
763 1803 838 1851 arte.
936 1836 940 1843 -

149 1885 237 1951 Ante,
247 1899 324 1948 retro
339 1885 447 1948 Simois
462 1885 545 1963 fluet,
561 1901 591 1949 et
606 1887 668 1950 sine
684 1886 832 1950 frondibus
848 1885 901 1949 lde

149 1980 255 2061 Stabit,
271 1996 302 2046 et
315 1983 455 2046 auxilium
471 1985 620 2067 promittet
634 1983 751 2047 Achaia
765 1984 875 2070 Trojae,
1056 1986 1121 2049 325

149 2080 263 2160 Quian,
277 2096 411 2145 cessante
427 2103 494 2144 meo
508 2104 561 2165 pro
578 2083 680 2145 vestris
695 2097 814 2165 pectore
830 2083 928 2160 rebus,

147 2178 250 2263 Ajacis
264 2178 360 2251 stolidi
376 2177 489 2250 Danais
503 2178 630 2241 sollertia
645 2179 744 2262 prosit.

148 2276 195 2339 Sis
209 2276 279 2339 licet
293 2275 414 2339 infestus
428 2276 524 2353 sociis,
539 2276 670 2360 regique,
685 2277 826 2360 mihique,
907 2349 910 2354 ι

148 2373 232 2436 Dure
248 2373 433 2448 Philoctete3
455 2373 525 2435 licet
539 2394 704 2449 exsecrere,
720 2395 879 2456 meumque

146 2470 307 2533 Devoveas
321 2471 384 2531 sine
399 2470 456 2530 fine
470 2481 579 2553 caput;
600 2469 761 2552 cupiasque
777 2469 886 2531 dolenti
1055 2473 1120 2535 330

146 2567 201 2629 Me
216 2567 267 2629 tibi
282 2565 355 2628 forte
372 2565 443 2642 dari,
458 2580 648 2649 nostrumque
664 2566 777 2628 haurire
795 2586 929 2628 cmorem
938 2587 947 2643 ;

148 2665 264 2749 [thue
280 2665 322 2728 tui
331 2663 419 2741 mihi,
433 2663 475 2726 sic
489 2663 540 2727 fiat
553 2663 605 2727 tibi
619 2663 705 2747 copia
718 2662 808 2726 nostri
818 2664 840 2745 z]

145 2763 194 2825 Te
209 2777 309 2825 tamen
324 2762 491 2845 aggrediar:
517 2763 707 2846 [mecumque
722 2761 863 2825 reducere
878 2761 978 2845 nitan]

144 2860 283 2945 Tamque
298 2860 356 2923 tuis
371 2859 465 2944 potiar
482 2858 595 2944 (faveat
609 2858 757 2947 Fortuna)
774 2859 895 2942 sagittis,

144 2957 248 3032 Quam
262 2981 328 3022 sum
343 2957 505 3035 Dardanio,
518 2978 607 3041 quem
621 2957 700 3041 cepi,
716 2973 782 3021 vate
797 2957 924 3042 potitus:
1053 2958 1117 3021 335

144 3054 247 3129 Quam
262 3077 404 3140 responsa
419 3054 519 3132 delam,
535 3053 724 3139 Trojanaque
739 3054 808 3133 fata,
823 3055 934 3118 retexi:

143 3151 244 3226 Quian
261 3153 343 3235 rapui
358 3151 495 3235 Phrygia
509 3153 626 3234 signum
641 3154 790 3235 penetrale
809 3151 953 3216 Minervae

144 3249 286 3312 Hostibus
303 3271 320 3310 e
335 3249 450 3311 mediis.
494 3249 536 3311 Et
551 3271 583 3311 se
598 3250 670 3311 mihi
685 3251 833 3333 comparat
850 3250 952 3334 Ajax?
1013 3330 1016 3335 Ι

142 3345 262 3431 Nempe
276 3347 343 3428 capi
357 3344 686 3430 Trojamprohibebant
703 3347 761 3410 fata
776 3349 838 3410 sine
854 3347 920 3410 illis.

142 3443 240 3506 Fortis
254 3444 304 3506 uhi
320 3456 366 3506 est
380 3441 462 3528 Ajax
471 3428 491 3505 lx
506 3441 556 3504 ubi
570 3457 637 3505 sunt
652 3444 781 3525 ingentia
796 3445 893 3524 magni
1052 3449 1116 3513 340

79 3540 84 3550 ’
144 3538 244 3606 Verba
259 3538 332 3604 viri?
355 3539 484 3604 Curhic
499 3541 628 3604 metuis?
650 3563 703 3606 cur
717 3542 806 3604 audet
820 3540 946 3624 Ulysses

444 3640 479 3699 ll
491 3638 511 3678 ¹¹¹
