2536 4252
176 403 220 466 28
490 399 835 456 Murnmourfloseou

176 559 261 634 Quid
277 558 384 623 faciat?
405 556 531 620 multum
544 553 614 618 coeli
628 566 695 638 post
709 565 792 634 terga
806 550 959 613 relictum:

144 726 148 731 ,
176 657 259 720 Ante
274 656 374 719 oeulos
390 655 456 739 plus
471 666 526 716 est.
570 652 682 715 Animo
696 649 817 712 metitur
831 662 999 731 utrumque.

178 754 219 817 Et
233 754 334 831 modo,
350 775 423 837 quos
438 752 478 814 illi
494 749 553 813 sato
566 749 736 830 contingere
752 769 811 808 non
826 759 881 822 est,

176 850 325 935 Prospicit
339 871 479 914 occasus:
503 848 648 911 interdum
662 845 779 930 respicit
793 857 884 907 ortus.
970 872 973 875 ·

178 947 320 1032 Quidque
335 962 402 1030 agat
416 947 542 1030 ignarus,
557 958 672 1028 stupet:
696 956 727 1006 et
741 963 799 1005 nec
812 940 901 1004 fraena
914 941 1047 1018 remittit,
1091 943 1155 1006 19⁰

178 1043 246 1109 Nec
260 1046 386 1109 retinere
401 1045 496 1107 valet:
519 1063 576 1106 nec
591 1042 710 1106 nomina
724 1040 807 1103 novit
822 1060 977 1124 equorum.

177 1143 286 1227 Sparsa
301 1164 419 1229 quoque
434 1142 463 1204 in
478 1141 560 1204 vario
574 1140 683 1224 passim
696 1137 836 1202 miracula
849 1137 939 1216 eoelo,

179 1238 398 1324 Vastarumque
414 1239 494 1302 videt
508 1238 639 1323 trepidus
652 1231 808 1299 simulacra
823 1235 960 1299 seranum.

220 1338 276 1401 Est
289 1340 381 1416 loeus,
396 1337 424 1400 in
439 1337 571 1420 geminos
586 1336 635 1398 ubi
650 1335 770 1398 brachia
784 1347 928 1399 concavat
941 1355 1026 1398 arens

86 1502 91 1511 ,
180 1437 335 1521 Scorpios3
358 1450 388 1506 et
402 1435 499 1500 caudit
514 1435 659 1520 flexisque
675 1434 811 1518 utrinque
825 1433 941 1497 lacertis
1092 1435 1157 1498 195

177 1534 303 1617 Porrigit
318 1535 347 1597 in
362 1535 488 1617 spatium
504 1534 650 1615 signorum
666 1533 798 1596 membm
813 1532 948 1595 duorum.

179 1630 269 1694 Hunc
285 1653 359 1715 puer
372 1645 404 1693 ut
418 1631 492 1715 nigri
507 1631 657 1693 madidum
671 1630 777 1692 sudore
790 1631 897 1694 veneni

180 1727 313 1793 Vulnera
326 1728 448 1792 curvatd
461 1729 644 1792 minitantem
658 1728 781 1812 cuspide
797 1728 887 1806 vidit3

178 1823 290 1889 Mentis
305 1827 400 1910 inops,
415 1826 513 1910 gelida
528 1826 681 1890 formidine
696 1826 758 1889 lora
770 1827 892 1889 remisit.

178 1922 257 1998 Quae
273 1940 429 2009 postquam
442 1946 590 1988 summum
605 1924 728 2008 tetigere
740 1924 870 2009 jacentia
885 1937 1012 2015 tergum,
1090 1926 1158 1989 200

180 2022 393 2106 Exspatiantur
406 2024 492 2108 equi:
515 2023 655 2108 nulloque
669 2023 821 2087 inhibente
837 2044 891 2106 per
905 2044 990 2086 auras

178 2117 289 2201 Ignotae
304 2121 427 2202 regionis
443 2134 532 2198 eunt3
555 2121 672 2206 quaque
686 2121 815 2205 impetus
826 2121 897 2204 egit,

183 2215 249 2280 Hac
262 2217 325 2280 sine
339 2217 405 2300 lege
420 2233 526 2282 ruunt:
550 2218 667 2304 altoque
682 2220 737 2282 sub
752 2220 860 2283 aethere
875 2220 942 2282 fixis

179 2311 331 2378 incursant
347 2316 447 2392 stellis,
461 2317 636 2401 rapiuntque
652 2338 705 2400 per
717 2317 784 2380 avia
797 2338 925 2382 currum.

181 2411 222 2476 Et
237 2413 325 2476 modo
340 2435 455 2476 summa
469 2429 584 2498 petunt,
600 2415 689 2477 modi)
705 2436 759 2498 per
772 2415 901 2494 decliva,
916 2415 1039 2501 viasque
1090 2417 1158 2479 205

181 2509 350 2596 Pracipites
365 2512 460 2596 spatio
474 2525 556 2576 terrae
572 2513 707 2598 propiore
723 2513 866 2578 semntur.

181 2607 362 2694 Inferiusque
378 2611 436 2673 suis
451 2610 592 2675 fraternos
606 2626 722 2676 currere
736 2612 825 2676 Luda

181 2706 351 2769 Admiratur
364 2729 473 2791 equos:
497 2709 687 2793 ambustaque
702 2711 802 2774 nubila
817 2710 940 2774 sumant.

69 2827 73 2833 ·
168 2802 346 2889 'Corripitur
361 2805 496 2884 flammis,
509 2819 543 2869 ut
558 2830 680 2892 queque
695 2809 844 2887 altissima,
859 2811 963 2888 tellus3

181 2901 324 2986 Fissaque
341 2903 400 2986 agit
413 2903 511 2982 rimas,
526 2920 556 2968 et
568 2907 663 2970 succis
678 2923 740 2971 aret
755 2908 912 2992 ademptis.
1092 2910 1177 2972 210'

182 2999 297 3063 Pabula
310 3014 487 3064 canescunt:
509 3024 577 3066 oum
592 3004 740 3070 frondibus
754 3007 846 3070 uritur
860 3008 963 3070 arbos:

181 3095 398 3182 Materiemque
406 3120 467 3177 ‚suo
481 3101 591 3182 prabet
604 3126 690 3186 seges
704 3105 783 3168 arida
798 3106 916 3168 damno.

182 3196 280 3260 Parva
296 3219 411 3281 queror.
456 3194 573 3280 Magnae
588 3217 711 3284 pereunt
725 3224 794 3265 cum
809 3205 956 3266 moenibus
971 3203 1075 3266 urbes:

145 3313 148 3318 ·
182 3294 322 3378 Cumque
338 3294 397 3356 suis
412 3308 487 3358 totas
503 3297 618 3378 populis
634 3299 768 3362 incendia
781 3315 885 3382 gentes

182 3390 217 3454 ln
232 3393 362 3455 cinerem
378 3407 505 3456 vertunt.
551 3394 635 3456 Silrae
651 3418 717 3460 cum
732 3399 879 3461 montibus
894 3398 1009 3460 ardent.
1093 3400 1157 3462 215

183 3491 278 3554 Ardet
293 3491 401 3569 Arbua,
417 3492 593 3576 Taurusque
608 3491 699 3572 Cilix,
714 3511 744 3559 et
758 3496 894 3574 Tmolus,
910 3510 941 3560 et
955 3497 1031 3561 OEte
1040 3519 1051 3576 ;

184 3586 226 3653 Et
239 3613 318 3653 nuuc
333 3591 421 3670 sicca,
437 3590 517 3676 pribs
532 3590 722 3656 celeberrima
736 3593 874 3674 sontibuS,
889 3595 962 3676 Ide,
