2536 4252
142 417 206 480 tre
380 502 382 506 Ι
500 433 585 495 nux,
607 433 750 482 nauem.

140 581 184 646 At
197 582 298 660 rubus,
313 596 343 645 et
357 596 456 644 sentes
470 576 674 645 tantummodi)
688 583 796 646 laedere
810 596 897 663 nata,
1042 576 1044 583 ’
1073 588 1119 651 95

95 695 97 698 “
183 680 334 765 Spinaque
350 680 478 743 vindicta
492 696 597 744 caetera
611 693 674 743 tuta
688 681 742 743 sub
759 695 814 759 est,

140 778 207 857 Me,
222 781 291 864 quia
305 800 361 842 nec
376 800 552 867 noceo‚neo
567 779 688 842 obuncis
703 779 835 842 vindicor
847 777 955 859 hamis,

181 877 275 941 Missa
289 891 394 962 petunt
407 874 495 940 avidb
509 899 581 941 saxa
596 892 732 961 proterva
745 900 845 940 manu.

141 974 236 1053 Quid,
251 977 275 1038 si
290 997 350 1037 non
364 989 447 1067 aptas
462 976 555 1038 solem
570 975 746 1058 fugientibus
761 976 891 1055 umbras,

182 1073 319 1137 Finditur
332 1073 426 1137 Ieario
440 1075 509 1137 erim
523 1096 597 1137 eane
612 1089 698 1162 terra,
714 1075 836 1138 darem?
906 1103 908 1106 ’
1054 1079 1117 1141 100
1163 1111 1166 1115 ·

141 1170 236 1250 Quid,
252 1173 305 1234 nisi
320 1172 477 1254 suffugium
492 1172 607 1234 nimbos
622 1173 780 1235 vitantibus
795 1194 892 1237 essem
905 1193 914 1251 ;

184 1269 255 1333 Non
269 1271 444 1355 exspectata
457 1270 527 1333 oiun
542 1272 622 1333 venit
636 1270 729 1333 imber
744 1271 843 1354 aqud?

141 1367 252 1431 Omnia
265 1368 335 1432 clun
350 1367 465 1446 faciam,
480 1369 549 1432 erim
564 1382 699 1452 praestem
712 1369 816 1432 sedula
829 1369 943 1434 cunctis
975 1355 979 1363 ⁷

184 1466 337 1545 Officium,
352 1468 431 1530 saxis
446 1467 576 1530 officiosa
590 1481 686 1550 petor.

143 1561 217 1627 Haec
232 1564 303 1626 mibi
318 1586 475 1648 perpessae,
491 1565 599 1627 domini
614 1565 752 1648 patienda
767 1566 887 1650 querela
901 1579 957 1630 est.
1055 1570 1118 1631 105

185 1661 285 1724 Causa
300 1662 420 1739 habeor,
436 1683 525 1746 quare
540 1662 577 1724 sit
591 1662 739 1746 lapidosus
755 1684 836 1746 ager.

141 1759 284 1844 Dumque
299 1776 436 1845 repurgat
451 1761 584 1839 humum,
600 1761 784 1846 collectaque
799 1783 872 1825 saxa
884 1763 1017 1842 remittit,

184 1858 311 1941 Semper
327 1859 435 1921 habent
449 1860 479 1921 in
493 1880 542 1920 me
556 1860 616 1921 tela
635 1874 736 1942 parata
752 1860 816 1923 viae.

142 1955 224 2038 Ergo
238 1957 331 2018 invisa
345 1957 417 2033 aliis,
432 1956 483 2018 uni
497 1956 568 2017 milri
583 1955 688 2039 frigora
702 1972 844 2041 prosunt:
1013 2027 1015 2032 ,

184 2053 240 2116 lllo
254 2075 302 2116 me
317 2068 410 2117 tutam
425 2067 558 2138 tempore
573 2067 691 2137 prostat
705 2056 811 2119 hiems.
1055 2059 1118 2122 110

142 2150 233 2215 Nuda
246 2153 365 2237 quidem
378 2156 549 2229 runo'sum3
571 2153 680 2215 nudam
695 2155 795 2216 tainen
809 2153 932 2238 expedit
946 2174 1029 2218 esse:

184 2248 252 2313 Neo
266 2251 392 2333 spolium
407 2250 445 2312 de
460 2271 519 2327 me,
535 2249 614 2333 quod
629 2265 721 2334 petat,
737 2252 827 2314 hostis
842 2252 946 2330 habet,

141 2348 185 2410 At
199 2348 286 2410 simul
300 2348 447 2410 induimus
463 2349 566 2410 nostris
580 2369 633 2410 sua
647 2369 770 2410 munera
784 2350 889 2428 ramis;

171 2446 265 2508 'Saxa
279 2465 372 2509 noves
387 2445 496 2508 fruetus
511 2445 650 2528 grandine
666 2446 749 2529 plura
764 2461 879 2530 petunt.

141 2543 276 2607 Forsitan
292 2544 340 2606 hic
357 2543 459 2627 aliquis
475 2543 562 2620 dicat,
578 2552 586 2582 ‘
600 2541 678 2617 Quae
692 2544 810 2627 publica
825 2557 958 2628 tangunt,
1054 2549 1117 2611 115
1166 2570 1173 2578 “

184 2641 317 2725 Carpere
332 2663 507 2704 concessum
521 2654 583 2702 est:
607 2641 663 2703 hoo'
679 2642 725 2703 via
736 2642 809 2727 juris
824 2643 937 2706 habet.²

142 2740 174 2803 Si
188 2741 258 2802 licet
274 2742 330 2802 hoo
339 2761 348 2816 3
370 2740 449 2801 oleas
464 2738 624 2820 distringite
635 2758 647 2800 :·
665 2740 767 2802 credite
782 2761 904 2803 messes.

183 2837 332 2922 Improbe,
348 2837 475 2899 vicinum
490 2856 589 2920 carpe,
606 2836 707 2914 viator,
722 2837 796 2900 olus.

142 2935 234 2997 Intret
250 2950 280 2997 et
294 2936 418 2997 urbanas
434 2935 539 2997 eadem
555 2934 717 3020 petulantia
731 2952 848 3019 portas;

185 3031 287 3114 Sitque
302 3033 359 3094 tuis
373 3033 473 3109 muris,
488 3031 629 3110 Romule,
639 3032 712 3117 juris
728 3034 817 3096 idem.
1055 3038 1118 3101 120

43 3152 45 3154 ’
143 3129 277 3203 Quilibet
292 3144 444 3212 argentum
460 3132 559 3213 primae
575 3131 613 3192 de
629 3131 728 3202 fronte,
739 3132 864 3194 tabernae

184 3227 304 3290 Tollat:
329 3241 359 3290 et
374 3226 411 3290 ad
425 3250 557 3310 gemmas
573 3229 694 3313 quilibet
708 3229 781 3292 alter
794 3243 852 3292 eat.

69 3325 73 3332 ’
143 3325 266 3388 Auserat
281 3325 329 3388 hio
344 3347 457 3401 aurum,
473 3327 641 3408 peregrinos
656 3327 704 3390 ille
719 3327 833 3410 lapillos
842 3349 851 3405 ;

185 3422 226 3484 Et
242 3442 431 3506 quascunque
446 3435 543 3507 potest
559 3437 689 3505 tangere,
704 3426 787 3487 tollat
800 3446 885 3508 opes.

142 3519 203 3582 Sed
217 3543 314 3604 neque
331 3521 488 3583 tolluntur:
511 3541 578 3596 neo,
594 3521 665 3582 dum
678 3522 752 3602 regit
766 3523 865 3586 omnia
879 3521 992 3603 Caesar,
1056 3524 1117 3588 125

184 3616 354 3696 Incolumis,
368 3632 450 3682 tanto
465 3617 596 3702 preside,
610 3631 710 3702 raptor
723 3619 788 3682 erit.
