2536 4252
539 397 648 447 LIBER
669 396 727 446 XV.

107 622 114 635 ·
148 547 224 626 Nec,
239 547 292 611 nisi
307 548 376 611 crim
391 548 488 611 senior
501 548 610 611 similes
625 529 782 632 aequauerit
797 569 900 627 annos,

148 646 303 709 AEthereas
318 647 404 709 sedes
418 660 603 730 cognataque
618 646 713 709 sidera
728 660 839 728 tanget.

145 743 232 808 Hanc
247 746 376 808 animam
390 746 501 808 interea
516 767 591 807 caeso
607 744 644 806 de
659 765 783 828 corpore
798 758 924 828 raptam,

144 842 209 906 Fac
220 843 318 929 jubar,
332 857 364 905 ut
379 864 499 926 semper
513 841 663 926 Capitolia
677 857 775 905 nostra
789 841 960 928 Forumque

144 939 241 1004 Divus
257 942 294 1004 ab
309 941 430 1004 excelsi
446 955 615 1025 prospectet
628 940 726 1004 Julius
741 941 826 1004 arde.²
1057 943 1122 1007 ‘295

187 1037 250 1102 Vix
266 1061 302 1102 ea
316 1039 391 1102 satus
406 1053 479 1117 erat,
494 1039 593 1101 rnediai
606 1038 676 1102 clun
690 1039 761 1101 sede
777 1038 906 1101 Senatus

144 1135 285 1200 Constitit
300 1137 377 1200 alma
392 1136 507 1214 Venus,
522 1137 593 1199 nulli
607 1137 766 1213 cernenda,
781 1137 884 1220 suique

144 1233 269 1298 Caesaris
285 1235 391 1317 eripuit
405 1235 553 1310 membris,
568 1256 624 1296 nec
638 1234 668 1295 in
683 1237 752 1295 a'e'ra
765 1234 839 1294 solvi

145 1331 237 1393 Passa
251 1345 401 1394 recentem
416 1332 555 1406 animam,
569 1331 739 1392 coelestibus
754 1330 851 1391 intulit
865 1330 960 1391 astris.

145 1426 287 1512 Dumque
302 1428 379 1504 tulit,
393 1427 494 1489 lumen
508 1447 627 1510 capere,
643 1440 733 1509 atque
748 1427 898 1507 ignescere
913 1427 1015 1505 sensit,
1058 1431 1122 1493 800

145 1525 311 1610 Emisitque
325 1525 402 1588 sinu.
446 1523 536 1586 Luna
553 1525 630 1587 volat
644 1524 731 1590 altius
745 1525 804 1601 illa,

80 1692 84 1699 ,
145 1621 426 1707 Flammiferumque
441 1623 559 1685 trahens
574 1622 701 1706 spatioso
716 1622 808 1685 limite
823 1622 935 1691 crinem

145 1721 238 1784 Stella
252 1722 351 1798 micat,
366 1721 485 1804 natique
502 1720 604 1783 videns
619 1720 696 1782 bene
712 1719 801 1799 sacta,
817 1720 923 1784 fatetur

144 1819 220 1882 Esse
234 1820 294 1882 suis
308 1818 429 1904 majora,
440 1833 470 1882 et
487 1818 563 1881 vinci
577 1817 686 1901 gaudet
701 1818 813 1882 abillo.

144 1917 203 1980 Hic
218 1939 272 1980 sua
285 1917 414 2001 preseni
429 1938 599 2002 quanquam
616 1931 696 1980 vetat
711 1930 777 1980 acta
791 1917 938 2000 patemis;
1056 1919 1121 1983 305

144 2013 254 2079 Libera
270 2015 347 2079 sama
362 2029 471 2093 tamen,
486 2015 631 2099 nullisque
646 2015 775 2078 obnoxia
785 2015 885 2102 jussis,

143 2113 271 2176 Invitum
287 2113 421 2198 praelert3
443 2113 563 2196 uinique
578 2113 607 2175 in
622 2127 705 2195 parte
720 2127 876 2196 repugnat.

145 2211 193 2275 Sic
207 2212 305 2295 magni
320 2212 402 2274 cedit
417 2211 506 2273 titulis
524 2210 756 2291 Agamemnonis
771 2211 900 2273 Atreus:

144 2309 241 2392 AEgea
254 2311 297 2373 sic
311 2309 461 2386 Theseus,
476 2309 518 2371 sic
533 2307 627 2370 Pelea
641 2307 732 2372 vincit
746 2308 892 2371 Achilles.

144 2406 294 2491 Denique,
310 2421 343 2469 ut
357 2406 505 2488 exemplis
522 2406 601 2489 ipsos
616 2406 798 2489 aequantibus
811 2421 887 2482 utar,
1057 2409 1122 2472 310

145 2504 194 2567 Sic
210 2518 240 2566 et
256 2504 399 2566 Saturnus
414 2503 508 2564 minor
522 2515 568 2563 est
582 2501 671 2564 Jove.
716 2502 835 2586 Jupiter
849 2523 931 2565 acres

144 2601 308 2685 Temperat
322 2601 473 2676 aethereae,
488 2614 518 2661 et
533 2598 634 2661 muudi
649 2616 740 2682 regna
753 2599 909 2662 triformis:

143 2699 238 2761 Terra
252 2700 307 2760 sub
322 2697 480 2780 Augusto:
504 2692 588 2782 pater
602 2710 648 2760 est
663 2711 693 2761 et
707 2713 803 2762 rector
814 2712 949 2784 uterque.

187 2797 240 2875 Di,
256 2818 371 2880 precor,
386 2795 492 2859 AEueae
507 2795 641 2874 comites,
657 2796 761 2880 quibus
775 2796 853 2861 ensis
868 2811 899 2860 et
914 2797 988 2880 ignis

144 2893 318 2973 Cesserunt,
334 2894 423 2978 dique
438 2892 600 2976 Indigetes,
616 2894 800 2978 genitorque,
816 2894 955 2974 Quirine,
1056 2897 1121 2962 315

142 2990 243 3071 Urbis,
259 3006 289 3056 et
303 2992 403 3055 invicti
418 2991 542 3074 genitor,
559 2989 700 3070 Gradive,
716 2991 846 3072 Quirini,

144 3088 297 3176 Vestaque
312 3090 465 3154 Cesareos
479 3088 555 3153 inter
568 3104 682 3155 sacrata
696 3089 838 3170 Penates,

144 3187 267 3251 Etcum
284 3182 479 3265 Caesaream,
494 3187 613 3252 Phoebe
629 3189 801 3268 domestice,
818 3188 926 3269 Vestri,

144 3285 266 3373 Quique
281 3300 364 3349 tenes
379 3287 454 3349 altus
468 3284 624 3370 Tarpeiae,
639 3285 767 3370 Jupiter,
782 3309 875 3366 areca,
960 3316 963 3321 ·
1019 3353 1023 3359 ,
1065 3309 1073 3318 ‘

143 3384 290 3468 Quosque
305 3384 376 3455 alios
391 3383 451 3446 vati
465 3382 508 3445 sas
524 3384 673 3467 appellare
688 3383 849 3470 piumqu'e3
1056 3385 1120 3448 32⁰

143 3483 243 3546 Tarda
257 3483 294 3545 sit
309 3482 359 3544 illa
372 3481 448 3560 dies,
460 3496 489 3544 ot
505 3495 606 3545 nostro
620 3482 712 3546 serior
725 3505 800 3561 avo,

144 3579 217 3654 Qua
230 3591 322 3663 eaput
336 3580 516 3662 Augustum,
531 3602 621 3665 quem
635 3574 792 3664 temper-dt,
804 3578 875 3643 orbe
890 3577 992 3643 relicto

147 3677 279 3743 Accedat
291 3680 380 3756 coelo,
397 3675 553 3762 faveatque
567 3678 755 3763 precantibus
770 3677 887 3742 absens.
