2536 4252
535 370 642 419 arnna
658 369 741 443 vm.¹
808 411 810 415 .

150 517 261 582 Fistula
275 520 438 604 dispan'bus
453 519 594 603 paulatim
609 521 699 602 surgit
715 519 826 583 avenis.

149 616 227 680 Tum
242 619 301 680 lino
317 619 438 695 medias,
454 618 573 680 etceris
588 618 689 700 alligat
701 618 787 681 imas.

146 716 247 799 Atque
263 716 302 778 ita
317 715 494 798 compositas
509 736 601 798 parvo
615 706 785 778 curvamine
797 715 908 794 flectit3

146 812 189 875 Ut
204 835 288 876 veras
304 813 454 875 imitentur
467 834 548 875 aves.
593 813 675 876 Puer
688 813 788 876 Icarus
802 813 863 875 unit

146 911 266 974 Stabat:
291 923 331 987 et,
347 911 463 992 ignarus
477 932 576 973 suase
590 924 715 975 tractare
730 911 850 995 pericla,
891 948 911 992 χ

146 1008 207 1070 Ore
222 1008 378 1087 renidenti,
394 1009 484 1070 modo
499 1030 572 1092 quas
587 1031 662 1092 vaga
676 1022 904 1086 moverat'aura

146 1105 294 1189 Captabat
309 1107 440 1190 plumas:
463 1106 572 1169 flavam
586 1106 676 1186 modo
691 1107 799 1189 pollice
814 1127 913 1169 ceram

94 1242 98 1248 -
146 1202 293 1280 Mollibat,
308 1204 433 1287 lusuque
449 1225 503 1265 suo
518 1204 648 1265 mirabile
664 1204 754 1286 patris

148 1300 330 1383 lmpediabat
344 1322 429 1384 opus.
475 1299 639 1382 Postquam
653 1321 757 1360 manus
773 1299 874 1360 ultima
888 1301 995 1383 coeptis

147 1397 288 1480 lmposita
303 1411 366 1473 est;
389 1397 521 1478 geminas
537 1395 637 1479 opifex
652 1395 767 1458 libravit
782 1395 811 1457 in
826 1395 887 1458 alas

147 1495 214 1578 lpse
230 1518 315 1557 suum
330 1517 454 1578 corpus:
477 1495 617 1578 motique
634 1495 776 1579 pependit
791 1494 819 1557 in
836 1495 917 1558 aurt.

189 1593 308 1676 Instruit
322 1608 353 1655 et
368 1607 487 1656 natum:
511 1591 692 1677 ‘Medioque
708 1607 740 1655 ut
755 1593 847 1655 limite
862 1614 971 1670 curras,

146 1691 249 1769 lcare,'
265 1692 315 1770 ait,
331 1699 340 1729 ‘
349 1713 474 1755 moneo:
497 1713 545 1769 ne,
560 1691 584 1764 si
600 1691 752 1754 demissior
766 1691 830 1769 ibis,
843 1689 854 1710 ’

146 1789 235 1853 Unda
249 1803 350 1872 gmvet
365 1811 496 1873 pennas3
518 1789 542 1852 si
556 1789 671 1867 celsior,
687 1790 760 1872 ignis
775 1789 888 1853 adurat.

146 1886 225 1950 luter
239 1879 395 1971 utrumque
412 1888 488 1952 vola.
533 1886 563 1950 N
565 1909 601 1950 ec
615 1902 646 1950 te
659 1903 795 1971 spectare
809 1887 940 1966 Booten,

57 1994 61 2000 '
146 1985 208 2048 Aut
224 1984 351 2049 Helicen
363 1985 466 2070 jubeo,
481 1986 654 2049 strictumve
669 1985 788 2049 Orionis
803 2008 916 2048 ensem.

144 2082 197 2145 Me
213 2085 300 2161 duce,
314 2106 403 2167 carpe
419 2084 518 2146 viam?
562 2083 678 2146 Pariter
692 2096 839 2168 praecepta
854 2085 971 2147 volandi

144 2181 266 2259 Tradit3
289 2195 320 2244 et
335 2172 594 2263 ignotashumeris
610 2181 817 2271 adcommodat
834 2182 905 2244 alas.
1012 2225 1015 2232 ·

144 2280 224 2342 Inter
235 2293 310 2362 opus
326 2280 513 2363 monitusque
528 2300 611 2361 gena:
624 2278 766 2340 maduere
781 2279 904 2342 seniles:

145 2379 185 2441 Et
200 2378 298 2461 patrie
314 2378 460 2437 tremuiue
476 2397 590 2437 manus.
636 2375 728 2437 Dedit
744 2377 845 2437 oscula
860 2391 929 2439 nato

145 2475 212 2539 Non
230 2476 335 2536 iterum
351 2473 513 2554 repetenda
527 2493 597 2533 suo:
622 2472 785 2555 pennisque
800 2473 915 2534 levatus

145 2572 225 2635 Ante
241 2571 321 2633 volat
330 2591 338 2647 ;
361 2569 520 2652 comitique
535 2564 636 2632 timet:
660 2570 742 2632 velut
756 2570 828 2647 ales,
840 2571 877 2634 ab
890 2571 951 2635 alto

145 2670 222 2743 Quae
238 2683 369 2731 teneram
385 2667 498 2750 prolem
514 2667 649 2750 producit
664 2667 693 2730 in
708 2671 777 2730 ae'ra
790 2668 870 2732 nido.

143 2764 344 2850 Hortaturque
360 2763 444 2849 sequi
453 2786 462 2842 ;
484 2764 697 2850 damnosasque
712 2766 807 2829 erudit
821 2781 916 2832 artes:

144 2866 185 2929 Et
200 2879 300 2953 movet
316 2864 379 2947 ipse
394 2885 472 2940 suas,
487 2876 517 2926 et
532 2863 593 2926 nati
607 2863 726 2946 respicit
740 2864 812 2928 alas:

186 2963 251 3027 Hos
267 2962 380 3047 aliquis,
394 2959 522 3023 tremuli:
536 2961 607 3024 dum
621 2974 722 3046 captat
736 2963 877 3028 amndine
892 2964 999 3049 pisces,
1076 2966 1119 3030 35

122 3050 208 3126 'Aut
222 3075 320 3146 pastor
333 3060 450 3137 baculo,
466 3059 580 3122 stivave
595 3061 714 3123 innixus
728 3074 833 3140 arator,

148 3160 238 3238 Vidit,
254 3174 284 3223 et
299 3158 466 3242 obstupuit:
491 3158 599 3242 quique
614 3159 725 3223 aethera
737 3181 859 3243 carpere
873 3172 1005 3244 possent,

145 3260 279 3323 Credidit
294 3279 358 3320 esse
374 3258 458 3319 deos.
501 3254 543 3319 Et
553 3256 616 3340 jam
631 3256 760 3320 Junonia
774 3257 850 3321 lava

101 3353 104 3362 '
146 3360 233 3421 Parte
250 3357 355 3419 Samos
370 3354 495 3430 fuerant,
511 3351 676 3439 Delosque,
691 3354 845 3440 Parosque
864 3355 989 3418 relicte:

146 3458 260 3520 Dextra
275 3454 450 3538 Lebynthos
465 3465 559 3529 erant,
576 3451 773 3539 soecundeque
786 3453 876 3516 melle
891 3451 1061 3538 Calymne:
1076 3455 1125 3518 40·

36 3577 39 3580 ·
101 3580 104 3586 ·
145 3555 225 3621 Cum
242 3574 316 3639 puer
331 3551 434 3615 audaci
448 3549 541 3636 coepit
555 3551 684 3634 gaudere
700 3551 821 3629 volatu3
