2536 4252
170 398 233 460 172
605 406 717 457 rAsrr.

209 559 351 642 Surgunt.
396 557 447 620 Ex
463 558 518 621 illis
533 558 625 621 altera
639 557 733 644 major
748 571 825 623 erat:
876 617 882 627 .

167 655 208 724 Et
223 658 360 742 gravibus
375 658 463 720 ramis
478 671 573 720 totum
589 670 759 742 protexerat
778 658 892 735 orbem,

210 758 444 842 Contigeratque
459 757 538 819 novi
552 756 646 820 sidera
661 778 779 818 summa
792 755 891 819 comi.

166 854 249 920 Ecce
264 877 349 919 meus
364 854 474 919 serrum
489 869 611 940 patruus
626 855 745 917 molitur
759 854 789 917 in
805 855 880 918 illas.

208 953 339 1018 Terreor
353 938 521 1033 admonitu,'
531 976 641 1039 corque
656 953 761 1017 timore
776 953 876 1017 micat.
898 974 900 978 ·

165 1050 276 1118 Martia
289 1051 380 1116 Picus
395 1053 592 1138 avisgemino
606 1074 661 1137 pro
675 1052 775 1136 stipite
792 1065 935 1136 pugnant,

208 1151 251 1215 Et
265 1151 373 1236 Lupa:
397 1166 461 1215 tuta
474 1173 529 1236 per
543 1152 597 1215 bos
611 1165 736 1236 utraque
751 1151 851 1235 palma
865 1149 941 1215 suit!

165 1249 312 1314 Dixerat:
335 1264 367 1313 et
381 1250 500 1333 plenam
516 1272 575 1314 uon
590 1250 679 1312 firmis
695 1250 804 1312 viribus
819 1272 923 1313 umam

209 1347 345 1412 Sustulit.
389 1349 544 1433 Impldrat,
560 1349 631 1410 dum
646 1370 700 1411 sua
715 1349 778 1411 visa
790 1346 890 1412 refert.

165 1445 284 1510 Interea
296 1461 451 1510 crescente
467 1446 578 1524 Remo,
594 1462 747 1525 crescente
763 1445 902 1525 Quirino,

209 1544 347 1608 Pondere
362 1546 476 1608 eoelesti
492 1545 583 1608 Silvia
597 1559 693 1608 mater
706 1559 779 1608 erat.

166 1641 241 1707 Haec
256 1644 307 1706 ubi
321 1644 461 1727 cognovit
475 1658 664 1728 contemptor
678 1643 818 1707 Amulius
834 1643 920 1729 aequi,

211 1741 306 1829 (Nam
321 1759 418 1828 raptas
431 1742 511 1807 sratri
526 1743 620 1807 victor
634 1743 764 1806 habebat
777 1741 867 1829 opes)

166 1839 285 1904 Auserri
296 1841 384 1926 jussit
399 1844 562 1926 parvos‚‘et
577 1843 606 1905 in
622 1863 709 1923 amne
726 1842 835 1905 necari.

210 1936 294 2012 Quid
309 1937 402 2003 sacis?
425 1961 465 2002 ex
480 1928 541 2002 istis
558 1938 706 2003 Romulus
721 1941 796 2003 alter
810 1939 876 2005 erit.

166 2035 185 2099 J
188 2058 255 2100 ussa
267 2052 438 2101 recusantes
454 2051 598 2122 peragunt
612 2038 778 2122 lacrymosa
792 2038 933 2103 ministri:
989 2062 993 2067 ·

209 2133 301 2199 Fient
316 2150 428 2215 tamen,
444 2151 474 2200 et
489 2137 623 2220 geminos
639 2137 668 2201 in
683 2137 749 2201 loca
760 2137 843 2223 jussa
857 2137 966 2202 ferunt.

165 2232 289 2312 Albula,
306 2256 395 2320 quem
409 2235 533 2298 Tiberin
549 2258 663 2300 mersus
678 2235 838 2300 Tiberinus
852 2237 883 2301 in
896 2235 979 2300 undai

195 2331 374 2412 'Reddidir3
397 2334 525 2398 hibernis
540 2333 614 2399 sorte
629 2336 764 2398 tumebat
778 2336 878 2420 aquis.¹

166 2429 238 2495 Huc
252 2432 303 2496 ubi
319 2447 477 2511 venerunt,
493 2454 550 2496 nec
561 2431 625 2519 jam
640 2433 803 2518 procedere
818 2447 942 2521 possunt

209 2529 344 2615 Longius
356 2553 364 2609 ;
389 2552 430 2595 ex
444 2531 502 2596 illis
516 2554 604 2611 unus,
620 2555 657 2596 an
672 2533 757 2611 ulter,
771 2532 832 2598 ait:

166 2629 229 2692 ‘At
244 2631 333 2714 quim
348 2644 417 2694 sunt
431 2631 561 2710 similes!
586 2645 616 2694 at
631 2633 720 2717 quarn
734 2631 879 2696 sonnosus
893 2630 1038 2719 uterque!
1057 2623 1062 2628 ⁸

209 2726 282 2790 Plus
298 2742 398 2791 tamen
413 2750 451 2792 ex
468 2729 523 2792 illis
539 2729 593 2792 iste
609 2730 716 2813 vigoris
731 2731 831 2795 habet.

166 2825 197 2889 Si
214 2848 308 2908 genus
323 2826 453 2910 arguitur
468 2828 551 2891 vultu
560 2849 569 2906 ;
595 2826 640 2916 (ni
654 2826 726 2892 saliit
741 2829 853 2917 imago)

209 2922 321 2987 Nescio
338 2947 427 3010 quern
443 2926 526 2990 vobis
541 2926 675 3012 suspicor
688 2949 754 2991 esse
770 2928 870 2992 deum.

166 3027 210 3089 Ar
225 3028 249 3090 si
265 3029 330 3112 quis
346 3042 449 3091 vestrae
465 3029 539 3092 deus
555 3045 633 3093 esset
648 3032 766 3114 originis
781 3046 902 3110 auctor3
919 3024 923 3030 ¹

210 3127 245 3189 ln
260 3140 320 3190 tarn
335 3127 478 3212 praecipiti
493 3142 628 3212 tempore
644 3126 732 3192 serret
746 3151 847 3214 opem.

168 3222 273 3289 Ferret
287 3248 376 3310 opem
392 3225 484 3304 certe,
500 3225 523 3288 si
539 3248 598 3290 uon
612 3248 671 3311 ope
686 3242 780 3290 mater
795 3242 914 3311 egeret:

210 3323 289 3398 Quae
304 3322 381 3388 sacta
395 3338 441 3387 est
454 3347 515 3388 uno
529 3339 625 3388 mater
639 3339 669 3390 et
683 3327 757 3390 orba
771 3326 831 3390 die.

168 3420 247 3487 Nata
259 3423 358 3501 simul,
373 3423 501 3507 peritura
516 3424 613 3502 simul,
628 3425 714 3489 simul
730 3427 770 3489 ite
784 3426 840 3489 sub
853 3425 949 3489 undas

209 3521 367 3606 corpora!
414 3521 571 3600 Desierat3
594 3522 790 3609 deposuitque
804 3524 881 3586 sinu.
941 3535 944 3539 ’

169 3617 331 3704 Vagierunt
345 3621 475 3686 clamore
489 3622 570 3709 pari:
593 3623 702 3689 sentire
716 3637 846 3711 putares.
