2536 4252
142 409 183 472 42
454 416 799 467 unrnuonruosnou

142 566 235 651 laque
249 566 329 629 aditu
344 567 463 630 obsisto.
508 565 593 630 Furit
607 566 817 630 audacissimus
833 567 914 631 omni
930 622 936 629 .

141 663 191 727 De
206 685 329 727 numem
343 664 497 748 Lycabas:
521 665 570 747 qui
585 663 709 727 Thusci
724 663 826 746 pulsus
840 663 877 726 ab
891 663 965 729 urbe

142 761 300 839 Exsilium,
316 761 380 839 dini
394 783 515 845 poenam
529 783 583 846 pro
597 760 689 838 caede,
704 760 815 824 luebat.

42 934 45 939 .
142 857 171 921 ls
186 860 267 936 milri,
282 859 352 921 dum
367 873 455 936 resto,
465 857 590 942 juvenili
605 872 722 941 guttura
736 879 837 942 pugno
1052 862 1122 924 210

143 955 254 1040 Rupit:
278 971 308 1018 et
323 977 479 1019 excussum
494 956 618 1019 misisset
632 957 662 1019 in
676 976 803 1039 aquom,
817 955 915 1018 sinon
990 960 995 1027 ζ

142 1052 312 1131 Haesissem,
326 1054 459 1139 quamvis
474 1075 585 1130 amens,
601 1054 630 1116 in
644 1053 714 1115 sune
728 1066 871 1117 retentus.

185 1151 281 1235 Impia
295 1151 379 1214 turba
393 1151 517 1234 probant
531 1150 651 1213 factum.
694 1149 777 1213 Tum
792 1149 920 1234 denique
934 1148 1108 1229 Bacchus„

145 1248 299 1335 (Bacchus
314 1248 393 1311 enim
408 1245 516 1334 suerat)
534 1248 624 1310 veluti
638 1247 767 1311 clamore
781 1247 895 1310 solutus

143 1348 188 1410 Sit
201 1369 299 1430 sopor,
314 1367 390 1431 aque
405 1368 487 1409 mero
501 1345 624 1409 redeant
637 1346 666 1407 in
682 1358 802 1429 pectora
816 1365 930 1422 sensus,
1054 1346 1123 1409 215

143 1443 256 1518 “Quid
272 1444 386 1507 sacitisi
410 1444 473 1527 quis
487 1443 599 1507 clamor
607 1441 641 1506 ?''
663 1443 722 1520 ait3
744 1448 764 1480 “
775 1441 843 1526 quia,
859 1441 958 1519 dicite,
973 1454 1082 1516 naute,

144 1539 214 1604 Huc
228 1562 287 1624 ope
301 1541 443 1625 perveni?
467 1539 525 1623 quo
540 1561 588 1602 me
604 1539 717 1602 deserte
732 1538 883 1624 paratis?”

51 1686 59 1700 ,
144 1639 259 1701 “Pone
274 1637 419 1715 metum,’'
435 1637 573 1715 Proreus,
589 1645 608 1674 “
619 1651 649 1700 et
664 1658 737 1722 quos
751 1637 923 1719 contingere
937 1648 1040 1720 portus

148 1735 212 1797 Ede
227 1735 331 1813 velis,’'
347 1734 431 1812 dixit,
447 1741 466 1772 “
478 1734 555 1797 terrai
568 1734 669 1798 sistere
684 1733 810 1818 petitia?
1062 1724 1065 1728 ’

146 1819 374 1910 “Naxonss'ait
387 1832 489 1910 Liber,
505 1839 634 1896 “cursus
649 1832 793 1894 advertite
808 1843 932 1894 vestros.
1027 1854 1031 1864 ·
1054 1832 1126 1897 220
1154 1820 1163 1874 '.
1207 1832 1212 1839 ’

146 1930 201 1993 llla
215 1931 286 1993 mibi
301 1931 406 1994 domus
420 1944 466 1993 est
474 1952 482 2016 ς
506 1930 589 1993 vobis
603 1930 658 1992 erit
672 1928 789 2013 hospita
802 1927 921 1991 tellus.”

146 2029 207 2091 Per
220 2050 300 2092 mare
316 2028 443 2105 fallaces,
459 2049 571 2112 perque
586 2028 684 2091 omnia
698 2027 819 2090 numina
829 2024 931 2111 jurant

146 2128 197 2191 Sic
211 2125 290 2190 sore:
313 2148 420 2212 meque
432 2126 538 2212 jubent
552 2127 636 2210 pictae
652 2125 722 2188 dare
738 2124 804 2187 vela
817 2123 934 2187 carinae.

146 2224 282 2288 Dextera
297 2222 400 2287 Naxos
415 2239 487 2286 erat.
533 2223 651 2285 Dextri
664 2222 735 2286 mihi
750 2222 839 2284 lintea
855 2221 946 2299 danti,
1056 2222 1125 2286 224

77 2384 80 2390 .
147 2321 260 2396 “Quid
275 2320 356 2400 sacis,
371 2343 389 2384 o
404 2323 547 2384 demens?
570 2321 635 2405 quis
650 2333 679 2382 te
701 2319 810 2397 suror,''
827 2319 931 2403 inquit,
946 2325 966 2356 “
975 2317 1121 2397 Acoete,”

146 2419 207 2483 Pro
221 2442 252 2483 se
269 2421 402 2505 quisque,
418 2421 549 2483 “teneti
572 2419 675 2482 laevam
690 2417 793 2502 pete.''
838 2415 974 2480 Maxima
987 2428 1062 2479 nutu

146 2518 219 2582 Pars
234 2519 305 2581 mihi
319 2519 477 2601 significat3
501 2540 577 2602 pars,
593 2517 663 2602 quid
679 2516 760 2594 velit,
775 2535 845 2579 aure
859 2526 999 2578 susurrat.

146 2616 313 2701 Obstupui:
337 2625 355 2654 “
367 2616 535 2699 Capiatque
550 2617 622 2678 alius
637 2613 869 2689 moderamina,''
885 2612 965 2675 dixi:

147 2713 261 2798 Meque
275 2714 434 2776 ministerio
449 2714 625 2796 scelerisque
641 2713 768 2797 artisque
782 2711 906 2774 removi.
1152 2778 1156 2784 ,

147 2811 288 2894 lncrepor
302 2831 319 2872 a
332 2810 457 2888 cunctis,
469 2824 622 2894 totumque
637 2811 839 2872 immurmurat
853 2829 971 2891 agmen.
1057 2809 1125 2871 230

149 2907 177 2970 Ε
193 2908 297 2992 quibus
312 2907 474 2985 AEthalion,
490 2907 568 2970 “Te
582 2907 694 2970 scilicet
708 2907 803 2970 omnis
818 2906 847 2968 in
862 2927 922 2969 uno

149 3005 257 3069 Nostra
271 3004 349 3067 salus
364 3006 458 3089 posita
472 3020 517 3067 est
526 3005 559 3068 ?'’
582 3005 633 3067 ait.
677 3004 719 3067 Et
733 3004 811 3067 subit
824 3003 905 3087 ipse:
928 3019 1090 3085 meumque

149 3103 263 3187 Explet
276 3124 368 3186 opus:
393 3101 540 3186 Naxoque
556 3103 629 3186 petit
644 3101 759 3164 diversa
772 3100 886 3164 relicti.

191 3201 272 3264 Tum
287 3201 361 3262 deus
376 3201 511 3278 illudens,
527 3215 666 3284 tanquam
682 3200 771 3262 modo
787 3199 913 3283 denique
930 3195 1063 3260 fraudem

149 3300 289 3376 Senserit,
305 3321 322 3361 e
339 3300 430 3383 puppi
447 3313 568 3383 pontum
585 3311 752 3381 prospectat
765 3295 894 3358 adunci.
933 3339 935 3344 ·
1059 3294 1126 3358 235

150 3396 190 3458 Et
206 3397 287 3459 flenti
301 3396 413 3472 similis,
427 3394 525 3458 “Non
542 3396 603 3457 haec
618 3394 689 3456 mihi
703 3394 810 3470 littora,
825 3404 932 3469 nautae,

150 3493 357 3572 Promisistis,’'
373 3494 430 3556 ait:
454 3500 473 3530 “
482 3493 619 3555 non‘baec
633 3492 704 3554 mibi
720 3505 797 3554 terra
811 3504 913 3571 rogata
928 3501 984 3552 est.

150 3590 223 3665 Quo
237 3593 330 3655 merui
344 3614 464 3677 poenam
479 3590 577 3654 sacto?
601 3612 664 3675 quae
679 3589 770 3673 gloria
784 3601 882 3652 vestra
895 3600 959 3666 est;
1004 3642 1021 3670 ⁴
