2536 4252
158 386 200 448 10
479 384 827 438 uurnuonrnoseou
869 415 873 420 .

155 539 230 616 Quo
245 562 337 620 mare,
352 562 411 626 quo
425 540 522 614 tellus,
537 552 730 622 correptaque
745 535 824 617 regia
838 533 907 597 coeli

159 640 288 717 Ardeat3
311 653 341 702 et
355 638 458 701 mundi
471 638 564 700 moles
578 657 702 721 operosa
715 635 837 697 laboret.

155 737 233 801 Tela
246 751 437 820 reponuntur,
451 735 584 798 manibus
599 732 738 796 fabricata
752 731 935 815 Cyclopum.

96 834 109 839 ”
159 835 253 899 Poena
267 837 366 918 placet
382 834 506 909 diversa,
521 854 614 914 genus
629 831 751 893 mortale
765 831 820 892 sub
836 829 922 891 undis
1068 829 1133 891 260

158 934 298 1011 Perdere,
313 947 398 995 etex
413 931 492 1011 omni
508 931 621 993 nimbos
636 929 782 991 dimittere
797 928 886 991 coelo.

158 1032 295 1095 Protinus
309 1031 414 1094 AEoliis
429 1030 609 1113 Aquilonem
623 1028 733 1090 claudit
747 1027 775 1088 in
790 1026 889 1103 antris,

160 1129 198 1193 Et
213 1151 394 1215 quacunque
409 1127 511 1210 sugant
524 1125 657 1188 inductas
672 1125 789 1186 flamina
806 1124 915 1186 nubes:

161 1227 332 1312 Emittitque
348 1225 472 1289 Notum.
499 1279 500 1282 ,
516 1223 645 1286 Madidis
661 1221 757 1285 Notus
772 1223 870 1284 evolat
889 1221 942 1284 alis
951 1243 960 1300 ;

157 1325 333 1388 Terribilem
348 1324 436 1408 picei
451 1337 546 1386 tectus
560 1322 685 1404 caligine
701 1321 826 1383 vultum.
993 1331 997 1338 '
1069 1321 1134 1382 265

158 1423 257 1485 Barba
270 1423 365 1504 gravis
380 1422 503 1498 nimbis3
525 1420 605 1484 canis
621 1419 685 1483 fluit
699 1418 778 1481 unda
792 1418 923 1502 capillis:

159 1519 268 1583 Fronte
283 1520 387 1582 sedent
401 1520 531 1581 nebula:
555 1532 651 1581 rorant
665 1538 839 1600 pennaque,
853 1517 1002 1600 sinusque.

156 1616 259 1701 thue
274 1639 363 1678 manu
378 1616 438 1679 lata
452 1616 611 1700 pendentia
625 1615 723 1676 nubila
738 1615 860 1697 pressit3

157 1715 207 1778 Fit
218 1715 332 1798 fragor:
356 1714 424 1776 hinc
439 1714 522 1776 densi
537 1712 697 1774 lundumur
711 1713 747 1775 ab
763 1713 869 1775 ethere
885 1711 987 1774 nimbi.

157 1811 271 1876 Nuntia
284 1811 303 1873 J
307 1811 421 1888 unonis,
436 1811 530 1873 varios
546 1810 646 1872 induta
660 1809 783 1888 colores,
1068 1810 1132 1872 2¹10

156 1909 298 1995 Concipit
314 1909 367 1972 lris
383 1932 482 1994 aquea,
498 1908 693 1992 alimentaque
709 1908 834 1970 nubibus
849 1907 944 1970 affert.

156 2008 332 2071 Sternuntur
346 2022 472 2090 segetes,
483 2020 513 2068 et
529 2007 680 2090 deplorata
693 2006 790 2068 coloni

159 2106 239 2169 Vota
250 2106 369 2191 jacent;
391 2105 528 2188 longique
543 2104 625 2167 labor
638 2105 714 2187 perit
728 2104 823 2166 irritus
837 2102 916 2165 anui.

199 2202 265 2267 Nec
279 2204 357 2267 coelo
371 2218 510 2266 contenta
523 2225 577 2266 suo
591 2201 675 2265 Jovis
691 2203 748 2266 ira:
772 2203 825 2266 sed
840 2202 921 2264 illum

156 2301 308 2366 caeruleus
323 2301 410 2365 srater
420 2302 506 2388 juvat
520 2301 707 2364 auxiliaribus
721 2302 818 2364 undis.
1067 2302 1131 2364 275

156 2399 312 2463 Convocat
326 2401 374 2463 hic
389 2422 501 2463 amnes·
546 2398 610 2472 Qui
627 2414 780 2484 postquam
797 2413 876 2462 tecta
891 2399 1006 2484 tyranni

157 2498 306 2562 lntrevdre
321 2499 375 2577 sui,
392 2497 479 2561 ‘Non
495 2512 540 2561 est
556 2498 719 2560 hortamine
735 2499 823 2580 longo

75 2586 78 2592 ⁴
155 2595 263 2674 Nunc,’
280 2599 330 2674 ait,
346 2604 354 2634 ‘
363 2599 522 2660 utendum:
546 2598 622 2659 vires
637 2597 778 2659 effundite
794 2609 915 2658 vestras.

155 2694 205 2757 Sic
220 2717 294 2778 opus
311 2709 372 2756 est:
396 2696 506 2777 aperite
523 2694 642 2756 domos:
666 2716 712 2770 ac,
726 2694 804 2755 mole
819 2694 944 2771 remota,

155 2791 339 2854 Fluminibus
356 2792 456 2853 vestris
472 2805 547 2852 totas
563 2791 708 2852 immittite
723 2791 875 2853 habenas!
1067 2773 1139 2855 280⁵

156 2887 298 2951 Jusserat.
344 2888 385 2951 Hi
401 2889 535 2965 redeunt,
548 2901 585 2949 ac
601 2888 726 2950 sontibus
741 2911 791 2950 ora
805 2890 949 2968 relaxant,
1021 2927 1023 2964 r

156 2986 198 3048 Et
215 2987 371 3048 delraenato
387 2987 543 3047 volvuntur
558 2986 585 3047 in
601 3008 715 3070 aequora
730 3009 829 3050 cursu.

156 3082 223 3168 lpse
240 3085 364 3146 tridente
379 3105 432 3145 suo
447 3098 553 3144 terram
568 3086 725 3166 percussit:
750 3100 779 3148 at
794 3085 843 3148 illa
926 3070 930 3076 .

157 3180 322 3258 Intremuit,
338 3196 478 3263 motuque
493 3180 572 3242 sinus
588 3180 726 3264 patefecit
740 3205 894 3268 aquarum.

158 3278 333 3361 Exspatiata
347 3291 434 3339 munt
448 3299 501 3361 per
515 3291 630 3361 apertos
645 3279 765 3342 llumina
784 3302 923 3365 campos3
1066 3284 1128 3345 285

157 3375 296 3459 Cumque
311 3375 378 3436 satis
393 3376 508 3437 arbusta
527 3376 623 3454 simul,
638 3378 838 3462 pecudesque,
855 3378 1000 3462 virosque,

155 3473 322 3556 Tectaque,
338 3494 464 3557 cumque
479 3473 538 3550 sqis
552 3472 668 3558 rapiunt
682 3477 844 3559 penetralia
857 3477 955 3539 sacris.

155 3570 188 3634 Si
203 3593 260 3655 qua
275 3571 379 3634 domus
393 3570 509 3649 mansit,
524 3573 675 3658 potuitque
690 3572 824 3636 resistere
840 3586 920 3636 tanto
