2536 4252
172 403 215 466 et
283 388 296 422 '
488 409 839 461 nernuonrrrosaon

174 559 244 626 Non
259 576 359 624 tamen
375 559 498 644 ignifero
514 561 669 646 quisquam
684 575 845 625 consistere
860 560 889 623 in
905 581 964 623 axe

175 657 228 723 Me
245 660 325 722 valet
339 653 482 743 excepto.
529 657 614 723 Vasti
630 681 749 743 quoque
764 672 861 722 rector
875 658 1013 742 Olympi,

174 757 239 832 Qui
255 757 317 821 fera
331 758 452 821 terribili
463 756 611 842 jaculatur
624 757 747 820 fulmina
761 757 879 834 dextri,
1116 761 1162 823 60

174 854 244 920 Non
259 871 327 940 agat
342 857 396 919 bos
411 878 530 920 currus:
554 869 585 919 et
600 856 672 941 quid
686 855 764 919 Jove
780 855 876 940 majus
891 856 1057 920 habemus?

173 955 279 1019 Ardua
294 955 388 1040 prima
403 956 452 1018 via
465 968 531 1018 est:
555 969 586 1017 et
601 953 663 1039 quit
677 953 728 1017 vix
744 956 832 1017 mane
849 969 986 1019 recentes

174 1053 334 1118 Enitantur
348 1055 435 1139 equi:
458 1053 558 1116 medio
572 1066 619 1116 est
633 1052 772 1116 altissima
787 1056 885 1132 ooelo;

176 1151 266 1216 Unde
281 1174 363 1216 mare
378 1166 409 1216 et
423 1166 514 1215 terras
529 1151 585 1236 ipsi
599 1151 673 1215 mibi
687 1173 766 1236 saepe
781 1152 883 1216 videre

174 1250 227 1315 Fit
241 1252 338 1330 timor,
354 1265 385 1314 et
400 1250 510 1337 pavida
524 1250 652 1335 trepidat
665 1247 820 1313 formidine
836 1263 953 1334 pectus.
1115 1251 1162 1313 65

175 1348 290 1415 Ultima
304 1373 397 1437 prona
412 1351 460 1414 via
474 1365 537 1430 est;
560 1364 591 1414 et
606 1364 675 1433 eget
690 1350 891 1414 moderamine
906 1364 1000 1414 certo.

172 1447 263 1514 Tunc
278 1451 379 1528 etiam,
396 1471 462 1535 quae
477 1471 526 1512 me
542 1448 682 1534 subjectis
698 1449 811 1534 excipit
824 1449 922 1527 undiS,

175 1545 206 1611 N
208 1571 225 1612 e
240 1548 316 1612 serar
329 1548 360 1611 in
375 1569 518 1632 preceps,
533 1546 653 1631 Tethys
668 1547 744 1610 solet
759 1548 824 1632 ipsa
838 1548 945 1611 vereri.

175 1647 277 1724 Adde,
293 1644 372 1731 qubd
388 1644 512 1708 adsidui
527 1645 638 1729 rapitur
652 1646 794 1728 vertigine
809 1646 943 1723 ooelum3

86 1733 101 1815 s
175 1743 338 1829 Sideraque
354 1745 413 1808 alta
427 1743 526 1822 trahit,
541 1744 690 1830 celerique
706 1745 857 1808 volumine
871 1758 1000 1829 torquet.
1114 1747 1166 1820 70

176 1841 263 1907 Nitor
277 1843 306 1906 in
321 1843 496 1907 adversum:
520 1864 578 1907 nec
592 1863 653 1920 me,
669 1843 718 1928 qui
733 1856 850 1920 cetera,
867 1844 958 1907 vincit

175 1939 327 2026 Impetus:
351 1955 382 2005 et
395 1941 499 2025 rapido
512 1940 674 2005 contrarius
689 1942 801 2004 evehor
815 1941 888 2005 orbi.

174 2037 273 2123 Finge
288 2040 372 2103 datos
386 2061 498 2103 currus.
544 2039 629 2114 Quid
648 2043 742 2124 agas?
765 2041 913 2125 poterisne
928 2040 1029 2104 rotatis

175 2137 291 2202 Obvius
307 2140 348 2202 ire
364 2139 450 2224 polis,
459 2146 503 2202 vne
518 2154 548 2202 te
563 2140 639 2203 citus
655 2138 767 2203 auferat
782 2140 867 2203 axis?

176 2236 312 2301 Forsitan
327 2253 358 2301 et
372 2239 455 2302 lucos
469 2238 540 2316 illic,
555 2239 714 2322 urbesque,
730 2238 893 2323 domosque
1115 2239 1160 2301 75

176 2335 338 2422 Concipias
353 2337 469 2400 animo:
491 2336 672 2421 delubraque
688 2337 758 2399 ditia
774 2337 859 2399 donis
920 2347 924 2354 '

109 2428 113 2434 ’
176 2434 264 2499 Esse.
309 2433 372 2498 Per
385 2434 503 2498 insidias
518 2435 573 2498 iter
587 2449 642 2514 est,
658 2434 826 2519 formasque
846 2433 983 2497 serarum.

174 2533 278 2619 thue
293 2534 372 2597 viam
386 2548 499 2612 teneas,
514 2534 656 2618 nulloque
671 2554 768 2596 errore
783 2533 924 2611 traharis3

176 2632 237 2697 Per
251 2647 352 2695 tamen
367 2632 483 2717 adversi
498 2632 636 2712 gradieris
652 2653 762 2694 cornua
776 2631 881 2709 Tauri,

176 2730 408 2814 Haemoniosque
423 2750 520 2806 arcus,
536 2728 717 2812 violentique
732 2751 783 2792 ora
798 2729 919 2808 Leonis,
1115 2728 1160 2792 80

176 2829 321 2913 Saevaque
336 2828 459 2891 circuitu
474 2840 648 2890 curvantem
663 2827 782 2891 brachia
796 2828 885 2911 longo

176 2927 332 3012 Scorpion,
347 2940 437 3011 atque
452 2926 536 2989 aliter
548 2940 720 2989 curvantem
736 2927 856 2989 brachia
871 2925 1034 2989 Cancrum.

178 3025 246 3088 Nec
261 3026 312 3089 tibi
329 3025 534 3110 quadrupedes
549 3024 696 3087 animosos
710 3025 825 3107 ignibus
839 3025 906 3102 illis,

178 3123 267 3198 Quos
281 3125 311 3187 in
327 3137 448 3208 pectore
464 3121 583 3200 habent,
600 3143 673 3206 quos
688 3144 738 3184 ore
754 3136 784 3186 et
799 3122 916 3185 naribus
931 3122 1044 3200 efflant,

178 3221 212 3285 ln
229 3236 366 3306 promptu
383 3241 485 3302 regere
501 3233 556 3283 est.
603 3218 666 3283 Vix
680 3242 729 3284 me
745 3222 904 3306 patiuntur,
918 3236 952 3284 ut
966 3242 1049 3285 acres
1116 3220 1159 3284 85

177 3318 331 3384 lncaluere
346 3319 454 3395 animi;
477 3319 640 3404 cervixque
655 3336 800 3402 repugnat
815 3319 949 3382 habenis.

177 3418 221 3481 At
237 3433 279 3495 tu,
294 3417 400 3480 funesti
415 3439 453 3479 ne
469 3418 522 3480 sim
537 3417 590 3480 tibi
605 3418 733 3480 muneris
747 3432 859 3495 auctor,

147 3591 161 3600 .
178 3516 268 3593 Nate,
284 3537 375 3579 cave:
400 3515 471 3578 dum
485 3536 591 3599 resque
606 3515 684 3593 sinit,
699 3530 748 3578 tua
764 3517 876 3599 corrige
893 3530 971 3579 vota.

179 3615 308 3694 Scilicet,
322 3628 356 3678 ut
369 3628 468 3678 nostro
482 3614 617 3700 genitum
631 3628 661 3689 te
676 3615 817 3696 sanguine
833 3615 946 3689 credas,
