2536 4252
526 372 700 466 nrlsronn
721 417 755 467 x.
912 401 924 414 ''
1068 415 1129 481 1⁶3

152 562 224 626 lude
240 585 296 645 ego
314 562 397 650 (nam
413 565 508 628 ventis
523 587 642 650 quoque
656 587 722 628 sum
736 566 903 630 crudelibus
917 565 985 655 usa)

193 661 263 726 Vidi
279 663 420 746 praecipiti
433 664 554 726 carbasa
569 677 649 726 tenta
663 662 756 727 Noto.
782 732 784 741 ¹
1085 668 1128 730 30

150 760 213 823 Aut
228 761 305 824 vidi:
329 762 493 839 autetiam,
508 760 579 824 ciam
593 783 642 824 me
658 762 763 825 vidisse
777 776 923 847 putarem,

191 858 337 942 Frigidior
351 859 444 942 glacie
457 858 685 944 semanimisque
701 859 754 923 sui.

148 956 215 1021 Nec
229 959 368 1040 languere
384 958 434 1020 diir
449 959 558 1042 patitur
571 958 664 1022 dolor.
708 959 834 1023 Excitor
853 959 913 1038 illo,

191 1056 326 1134 Excitor,
342 1070 372 1117 et
386 1056 502 1119 summai
516 1056 637 1120 Thesea
653 1079 727 1121 voce
745 1079 829 1122 voco.
967 1047 975 1062 Ἀ

148 1152 239 1227 ‘Quo
254 1154 329 1237 sugis
339 1155 361 1218 i'
384 1155 538 1218 exclamo:
561 1155 734 1234 ‘scelerate,
750 1170 909 1235 revertere,
924 1155 1060 1220 Theseu.
1081 1160 1124 1222 35

190 1251 296 1315 Flecte
311 1267 421 1315 ratem:
444 1275 601 1315 numerum
614 1275 674 1316 non
689 1254 779 1318 habet
793 1254 843 1317 illa
856 1248 967 1317 s'uum.'

149 1348 222 1413 Haec
238 1372 304 1433 ego.
350 1349 443 1425 Quod
458 1351 524 1414 voci
539 1350 650 1428 deerat,
667 1351 805 1434 plangore
821 1351 984 1436 replebam.

191 1447 325 1512 Verbera
339 1471 408 1511 cum
424 1449 520 1511 verbis
535 1449 622 1512 mista
636 1447 719 1510 luere
733 1449 819 1511 meis.

147 1546 178 1610 Si
194 1569 252 1609 non
268 1548 393 1624 audires,
408 1560 442 1610 ut
455 1547 560 1609 saltem
574 1568 696 1610 cernere
711 1568 824 1631 posses,

189 1643 311 1708 Jactatae
326 1645 385 1707 lat'e
401 1644 483 1727 signa
497 1644 607 1708 dedere
622 1666 737 1708 manus.

146 1742 342 1827 Candidaque
357 1743 482 1827 imposui
497 1743 590 1825 longae
607 1743 753 1806 velamina
767 1742 865 1826 virge,

189 1827 309 1905 Scilicet
324 1842 429 1904 oblitos
444 1841 627 1904 admonitura
641 1841 712 1904 mei.

145 1937 274 2023 Jamque
289 1941 381 2003 oculis
396 1954 514 2024 ereptus
530 1960 610 2003 eras:
633 1954 697 2003 tum
713 1939 840 2024 denique
855 1937 936 2002 flevi.

188 2035 376 2120 Torpuerant
391 2038 495 2101 molles
510 2038 579 2102 ante
595 2039 696 2101 dolore
711 2059 806 2121 gena.

145 2131 229 2206 Quid
244 2135 341 2218 potitis
355 2135 496 2218 lacerent,
513 2137 601 2219 quarn
616 2157 664 2198 me
679 2156 748 2198 mea
761 2135 872 2197 lumina
885 2134 1001 2214 flerent,
1078 2137 1122 2201 45

188 2231 350 2317 Postquam
366 2221 511 2295 desierant
526 2233 592 2304 vela
607 2233 706 2295 videre
722 2233 793 2296 tua?

145 2329 209 2392 Aut
224 2353 280 2414 ego
295 2333 406 2395 diffusis
421 2332 514 2394 erravi
528 2332 591 2394 sola
604 2330 728 2414 capillis,

188 2427 294 2502 Qualis
310 2430 346 2491 ab
361 2429 482 2512 Ogygio
496 2429 610 2492 concita
625 2427 749 2490 Baccha
763 2428 838 2490 deo:

144 2527 208 2589 Aut
223 2548 302 2589 mare
318 2527 498 2609 prospiciens
513 2526 542 2588 in
557 2546 630 2587 saxo
645 2523 751 2605 frigida·
760 2525 841 2587 sedi:

187 2624 350 2707 Quamque
365 2623 439 2706 lapis
453 2623 549 2700 sedes,
564 2637 625 2685 tam
640 2621 714 2706 lapis
729 2621 792 2705 ipsa
806 2620 859 2684 sui.

143 2723 231 2804 Saepe
247 2735 341 2784 torum
357 2734 471 2806 repeto,
488 2720 537 2806 qui
551 2742 605 2783 nos
620 2734 777 2803 acceperat
791 2719 912 2798 ambos3

187 2820 248 2882 Sed
262 2843 321 2882 non
337 2835 476 2904 acceptos
490 2819 674 2882 exhibiturus
688 2832 762 2881 erat.

145 2919 184 2982 Et
199 2934 260 2996 tua,
276 2919 335 3003 quai
349 2941 479 3002 possum,
494 2939 548 3002 pro
562 2932 603 2995 tc,
619 2916 742 2999 vestigia
755 2931 845 2998 tango
854 2937 863 2994 ;
914 2954 917 2959 ·

186 3018 352 3101 Strataque,
368 3040 431 3101 quae
448 3016 586 3079 membris
597 3016 751 3100 intepuere
765 3014 834 3078 tuis.

147 3114 305 3191 lucumb03
328 3114 523 3199 lacrymisque
538 3128 603 3178 toro
616 3108 754 3176 manante
771 3112 906 3196 profusis,
1077 3118 1121 3180 55

186 3212 390 3289 ‘Pressimus‚’
406 3214 553 3290 exclamo,
569 3221 578 3250 ‘
587 3228 617 3275 te
633 3212 709 3274 duo:
733 3211 824 3274 redde
839 3211 923 3275 duos.

148 3311 291 3374 Venimus
305 3312 364 3373 huc
380 3311 484 3374 ambo:
506 3333 560 3373 cur
572 3333 631 3372 non
647 3309 823 3371 discedimus
838 3309 947 3372 ambo?

185 3409 315 3487 Perside,
330 3430 397 3492 pars
411 3407 511 3485 nostri,
526 3407 646 3484 lectule,
661 3405 753 3490 major
767 3407 817 3470 u’oi
832 3420 878 3468 est
889 3406 911 3468 3'

144 3506 226 3581 Quid
244 3506 370 3570 luciam?
415 3503 490 3580 Qut
503 3504 566 3567 sola
580 3502 675 3567 serat?
721 3501 817 3566 Vacat
832 3503 926 3566 insula
938 3502 1032 3566 cultu.

186 3602 256 3669 Non
271 3605 423 3668 hominum
437 3602 535 3681 video,
550 3624 610 3666 non
624 3599 772 3686 egolacta
785 3601 886 3664 boum.
1024 3611 1028 3618 '
1075 3600 1118 3666 60
