2536 4252
511 369 619 417 ursan
641 368 716 418 xur.
1049 362 1108 423 119

137 511 221 578 htilte
236 530 318 599 patet
333 517 437 600 plagis,
452 540 545 580 novus
561 532 605 580 est
620 540 772 580 successor
786 518 949 581 habendus.

178 612 329 697 Denique,
345 615 414 699 quid
431 615 526 676 verbis
542 637 617 698 opus
633 617 698 676 est?
721 628 890 698 spectemur
903 616 1022 696 agendo
1033 637 1050 676 :·

141 709 228 774 Arrna
244 713 296 773 viri
313 711 392 774 sortis
407 713 520 774 medios
536 714 687 774 mittantur
702 713 730 775 in
746 713 864 789 hostes:
1048 715 1103 775 rel

136 805 208 868 Inde
220 807 324 892 jubete
339 810 419 892 peti:
445 825 473 871 et
489 809 665 872 referentem
680 825 782 872 ornate
797 810 916 873 relatis?

179 903 311 969 Finierat
325 905 490 969 Telamone
505 923 584 970 satus
598 932 605 985 3
630 909 767 993 vulgique
782 924 916 972 secutum

136 999 249 1064 Ultima
264 1026 394 1066 murmur
408 1019 486 1068 erat:
510 1005 606 1068 donec
622 1005 757 1068 Ladrtius
773 1007 859 1069 heros

136 1100 275 1163 Adstitit:
298 1116 386 1185 atque
402 1103 503 1165 oculos
517 1104 639 1186 paulum
655 1104 759 1167 tellure
773 1100 901 1167 moratos
936 1149 938 1153 ,
1047 1105 1107 1167 125

136 1196 261 1262 Sustulit
275 1200 312 1262 ad
326 1221 464 1283 proceres
477 1223 485 1278 ;
508 1216 740 1286 exspectatoque
755 1202 874 1264 resolvit

136 1294 200 1358 Ora
213 1318 304 1360 sono:
328 1319 425 1382 neque
440 1300 524 1362 abest
538 1298 668 1362 secundis
684 1299 775 1380 gratia
789 1299 882 1361 dictis.

179 1393 232 1456 ‘Si
247 1416 316 1456 mea
329 1417 398 1458 curn
413 1397 516 1459 vestris
530 1396 689 1458 valuissent
705 1409 784 1472 vota,
799 1395 930 1477 Pelasgi,

136 1475 206 1541 Non
222 1479 295 1542 soret
310 1481 463 1562 ambiguus
478 1481 549 1544 tanti
564 1481 731 1544 certaminis
747 1481 857 1543 haeres:

136 1574 246 1661 Tuque
262 1577 318 1640 tuis
333 1578 430 1655 annis,
445 1601 498 1640 nos
513 1592 543 1642 te
561 1591 740 1662 poteremur,
755 1577 883 1641 Achille.
1016 1592 1019 1597 ’
1047 1580 1108 1641 130

137 1671 239 1746 Quem
255 1675 392 1758 quoniam
407 1699 465 1738 non
481 1698 563 1760 aequa
578 1676 649 1740 mihi
664 1676 806 1760 vobisque
821 1674 966 1768 negarunt

60 1785 74 1791 ·
137 1770 212 1834 Fata
225 1773 244 1849 ;’
269 1773 433 1859 (manuque
447 1773 534 1836 simul
549 1775 640 1837 veluti
654 1774 845 1858 lacrymantia
860 1774 943 1837 tersit

137 1868 280 1957 Lumina)
299 1871 384 1955 ‘quis
397 1893 505 1954 magno
518 1872 624 1935 melius
638 1873 778 1955 succedat
793 1872 916 1949 Achilli,

137 1964 239 2040 Quam
256 1990 411 2053 perquem
426 1991 549 2053 magnus
565 1969 679 2033 Danais
694 1970 835 2032 suecessit
850 1969 990 2044 Achilles
990 1971 1002 2032 ἓ

179 2065 259 2128 Huic
274 2066 364 2129 modo
379 2089 417 2129 oe
436 2068 538 2150 prosit,
554 2068 644 2150 qudd,
660 2082 691 2130 ut
707 2082 763 2144 est,
779 2068 870 2129 hebes
894 2088 959 2130 esse
976 2065 1121 2129 videtur:

137 2162 224 2226 Neve
239 2164 311 2226 mihi
326 2177 441 2241 noceat,
458 2163 536 2248 quod
553 2163 635 2226 vobis
649 2186 779 2247 semper,
794 2164 917 2241 Achivi,
1048 2165 1109 2226 136

137 2260 252 2324 Profuit
262 2261 428 2344 ingenium:
452 2283 579 2346 meaque
595 2262 657 2324 haec
673 2261 818 2339 facundia,
832 2261 857 2324 si
873 2283 931 2346 qua
945 2275 1001 2338 est,
1135 2261 1137 2267 ’

134 2357 214 2432 Quae
230 2381 308 2420 nunc
319 2380 372 2443 pro
387 2359 517 2437 domino,
534 2381 586 2442 pro
601 2359 683 2422 vobis
698 2380 776 2442 saepe
790 2359 889 2422 locuta
903 2373 959 2436 est,
979 2439 982 2445 Ι

136 2454 251 2518 Invidia
264 2471 382 2518 careat:
405 2457 554 2519 bonanae
568 2477 622 2518 sua
637 2457 759 2540 quisque
774 2470 902 2518 recuset.

137 2552 216 2616 Nam
232 2575 335 2634 genus,
352 2567 383 2616 et
393 2575 528 2637 proavos,
543 2566 573 2616 et
588 2575 651 2637 qua
667 2575 725 2616 non
741 2553 864 2616 lecimus
879 2553 945 2638 ipsi,
1048 2555 1110 2617 140

117 2646 121 2653 ’
138 2651 201 2714 Vix
217 2672 253 2713 ea
266 2665 364 2713 nostra
380 2655 465 2714 voco.
510 2651 676 2729 Sedenim,
692 2651 761 2736 quia
774 2652 874 2714 retulit
889 2650 971 2737 Ajax

65 2796 69 2806 .
137 2749 214 2812 Esse
229 2749 312 2812 Jovis
327 2770 485 2834 pronepos,
496 2749 587 2813 nostri
602 2771 719 2835 quoque
735 2750 884 2832 sanguinis
899 2763 1001 2813 auctor

104 2918 109 2931 ἡ
136 2848 254 2932 Jupiter
268 2860 332 2911 est:
356 2847 538 2933 totidemque
553 2849 660 2931 gradus
675 2849 816 2939 distamus
827 2847 864 2910 ab
878 2847 939 2910 illo.

137 2945 215 3009 Nam
231 2947 303 3009 mihi
319 2946 443 3009 Laertes
458 2961 542 3031 pater
556 2961 610 3024 est,
625 2947 766 3009 Arcesius
782 2946 833 3023 illi,
869 3022 872 3028 ,

137 3043 254 3128 Jupiter
268 3044 357 3107 huic:
380 3065 478 3129 neque
493 3045 522 3106 111
537 3045 582 3106 his
597 3044 751 3128 quisquam
766 3043 920 3106 damnatus
935 3057 966 3106 et
980 3042 1077 3106 exsul.

138 3143 194 3206 Est
209 3164 326 3227 quoque
341 3163 395 3226 per
409 3157 533 3205 matrem
548 3141 705 3227 Cyllenius
720 3142 820 3205 addita
833 3142 917 3205 nobis
1049 3142 1110 3205 146

139 3241 242 3303 Altera
256 3240 410 3302 nobilitas:
439 3240 512 3302 deus
527 3241 614 3303 estin
630 3255 755 3324 utroque
771 3253 904 3323 parente.

138 3338 198 3400 Sed
214 3358 310 3420 neque
325 3337 554 3421 matemo'qudd
569 3358 634 3398 sum
649 3338 817 3419 generosior
831 3351 907 3413 ortu,

138 3434 205 3498 Nec
219 3436 290 3498 mihi
305 3435 385 3518 qudd
400 3448 484 3518 pater
498 3448 542 3496 est
558 3433 673 3497 fraterni
688 3435 837 3518 sanguinis
852 3435 962 3511 insons,

140 3533 294 3617 Proposita
308 3554 389 3596 anna
403 3547 490 3617 peto:
514 3533 623 3613 meritis
638 3533 801 3618 expendite
816 3551 946 3622 causam.
1051 3531 1112 3596 150
