2536 4252
439 648 574 749 nux,
610 648 831 765 nonam.

150 995 179 1061 Ν
182 1020 225 1060 ux
240 1019 296 1080 ego
306 997 410 1084 juncta
425 999 489 1076 viae,
504 999 572 1062 etim
587 998 642 1061 sim
656 999 719 1062 sine
734 999 855 1062 crimine
870 1001 948 1079 vit'ae,

190 1095 220 1158 A
235 1097 347 1179 populo
360 1097 439 1159 saxis
453 1110 647 1180 praetereunte
662 1110 757 1181 petor.

148 1190 283 1256 Obruere
298 1194 353 1256 ista
367 1196 441 1257 solet
456 1193 625 1256 manifestos
640 1216 730 1278 poena
746 1209 896 1274 nocentes,

191 1289 313 1354 Publica
328 1293 397 1354 clun
411 1292 520 1354 lentam
536 1314 595 1353 non
609 1292 689 1374 capit
704 1292 745 1354 ira
758 1315 881 1355 moram.

150 1385 199 1450 Nil
215 1410 271 1471 ego
286 1389 426 1472 peccavi:
450 1389 542 1452 nisisi
558 1389 699 1472 peccasse
716 1405 847 1468 vocetur,

192 1487 300 1548 Annua
313 1487 416 1561 cultori
431 1509 519 1570 poma
534 1487 641 1549 referre
655 1509 720 1565 sup.

148 1585 192 1646 At
206 1584 284 1666 priris
300 1585 459 1662 arboribuS,
471 1599 537 1647 tum
551 1585 619 1647 clun
635 1586 756 1648 meliora
771 1585 853 1669 suere

189 1679 352 1764 Tempora,
365 1696 515 1744 certamen
530 1682 682 1746 fertilitatis
697 1698 770 1746 erat

147 1774 228 1840 Cum
243 1779 352 1841 domini
367 1800 512 1842 memores
527 1780 609 1844 sertis
624 1800 727 1844 ornare
741 1781 875 1846 solebant

120 1881 123 1886 '
190 1876 352 1958 Agricolas,
367 1876 461 1940 fructu
477 1877 680 1962 proveniente,
695 1878 777 1943 deos

147 1971 232 2056 Saepe
248 1988 312 2038 tuas
328 1976 424 2058 igitur,
438 1965 540 2054 Liber,
555 1976 675 2040 miratus
690 1999 722 2040 es
736 1999 831 2041 uvas>

187 2071 297 2135 Mir‘ata
311 2087 356 2136 est
370 2075 450 2136 oleas
464 2096 543 2158 saepa
557 2073 696 2137 Minerva
709 2095 788 2136 suas.

145 2167 300 2257 Pomaque
315 2170 454 2232 laesissent
469 2185 611 2248 matrem3
632 2171 663 2232 ni
677 2171 795 2233 subdita
808 2191 893 2234 ramo·

188 2265 294 2348 Longa
308 2268 449 2330 laboranti
464 2267 544 2331 suma
558 2268 672 2332 tulisset
685 2270 788 2353 operit.

147 2363 189 2425 At
203 2379 357 2449 postquam
374 2366 507 2448 platanis,
522 2366 650 2429 sterilem
665 2365 861 2449 praebentibus
873 2366 1020 2447 umbram,
1078 2369 1118 2434 15

186 2460 314 2525 Uberior
329 2463 432 2546 quavis
447 2463 549 2524 arbore
564 2463 644 2524 venit
659 2463 771 2539 lronos3

144 2556 209 2621 Nos
224 2579 342 2642 quoque
358 2557 498 2643 frugifera
517 2559 555 2644 (si
570 2581 632 2621 nux
647 2559 737 2621 modb
751 2580 845 2644 ponor
858 2559 888 2623 in
902 2558 974 2646 illis)
1017 2586 1020 2590 “

186 2653 345 2740 Coepimus
360 2655 390 2718 in
405 2657 519 2768 patulas
534 2656 680 2719 luxuriare
695 2677 806 2720 comas.

143 2751 174 2815 N
176 2775 233 2815 une
247 2774 345 2838 neque
360 2753 514 2817 continuos
526 2767 686 2817 naseuntur
706 2775 796 2838 poma
810 2775 865 2840 per
878 2776 988 2820 annos.

185 2852 315 2938 Unaque
328 2855 396 2916 laesa
412 2853 543 2933 domum,
556 2854 684 2938 laesaque
697 2854 790 2918 bacca
805 2855 909 2920 venit...
1074 2859 1129 2924 W

144 2952 237 3017 Certe
252 2975 318 3036 ego,
333 2955 357 3017 si
372 2976 522 3038 nunquam
537 2953 728 3051 peperissem,
743 2948 833 3019 tutior
843 2972 975 3025 Μ·

185 3051 245 3115 Ista
260 3051 488 3136 Clytemnestrae
502 3052 589 3136 digna
605 3053 727 3137 querela
741 3051 805 3116 fuit.
929 3050 934 3061 '
961 3056 966 3065 '

143 3147 176 3213 Si
191 3151 264 3212 sciat
278 3151 335 3213 hoo
350 3151 425 3228 vitis,
441 3163 594 3214 nascentes
608 3151 773 3235 supprimet
786 3171 876 3216 uvas:
933 3154 938 3171 ²

185 3247 337 3333 0rhnqne,
351 3249 375 3311 si
390 3249 463 3311 sciat
477 3250 545 3327 hoc,
561 3248 691 3312 Palladis
705 3249 792 3313 arhor
805 3251 870 3315 erit.
911 3307 914 3313 .

144 3343 212 3409 Hoc
226 3346 256 3409 in
271 3347 403 3410 notitiam
418 3347 516 3410 veniat
529 3347 666 3432 maloque
680 3347 803 3433 piroque
811 3370 822 3427 ;

185 3443 357 3507 Destituent
371 3445 458 3507 silvas
474 3460 597 3527 utraque
611 3466 701 3528 poma
714 3466 795 3509 suas.
845 3516 849 3523 ,

41 3540 49 3556 ”
143 3538 281 3624 Quaeque
296 3541 350 3604 sibi
366 3540 446 3603 vario
460 3541 609 3624 distinguit
624 3565 713 3626 poma
727 3543 838 3621 colore,

184 3638 297 3702 Audiat
310 3639 368 3701 hoo
380 3659 518 3717 cerasus3
540 3640 633 3724 stipes
644 3641 739 3705 inanis
751 3640 818 3704 erit.

891 3753 905 3784 δ
