2536 4252
141 331 185 407 aa
459 335 806 387 unrnuonrnoseou

50 537 58 561 ι
142 489 270 572 Surgere
285 487 368 571 signa
382 487 495 552 solent:
519 487 706 571 primumque
720 486 877 549 ostendere
893 487 1028 565 vultum3

143 586 259 650 Caetera
276 587 435 670 paulatim:
459 584 635 670 placidoque
649 585 757 647 educta
771 598 874 648 tenore
1085 589 1130 653 90
1220 571 1224 578 ¹

142 685 223 749 Tota
238 699 358 769 patent3
381 685 500 768 imoque
516 684 610 768 pedes
625 683 653 745 in
669 683 800 766 margine
815 697 940 768 ponunt.

143 783 276 847 Territus
291 784 376 847 hoste
391 804 470 845 novo
485 781 620 845 Cadmus
634 802 743 864 capere
757 803 840 845 arma
854 783 992 866 parabat:

143 882 212 945 ‘Ne
227 881 324 965 eape,’
341 881 378 943 de
394 881 515 965 populo,
531 902 621 964 quem
636 893 712 943 terra
725 893 888 959 creaverat,
903 901 979 945 uuus
1006 921 1011 932 ·

144 980 322 1058 Exclamat3
344 987 419 1042 ‘neo
433 993 464 1042 te
478 979 612 1042 civilibus
627 979 722 1041 insere
738 977 845 1041 bellis!

143 1080 245 1163 Atque
261 1079 301 1142 ita
316 1077 469 1160 terrigenis
482 1077 576 1159 rigido
590 1077 628 1139 de
642 1076 778 1140 fratribus
792 1099 885 1141 unum
1083 1080 1129 1143 95

144 1177 290 1241 Cominus
305 1199 375 1240 ense
391 1175 473 1239 serit:
492 1168 593 1262 jaculo
607 1176 687 1240 eadit
702 1177 817 1239 eminus
832 1177 909 1261 ipse.

144 1275 203 1339 Hic
219 1298 348 1361 quoque,
365 1275 490 1360 quileto
503 1274 638 1352 dederat,
653 1297 712 1338 nou
727 1275 844 1357 longiis
859 1275 910 1338 illo

145 1373 238 1455 Vivit,
254 1389 285 1437 et
299 1375 440 1459 exspirat,
456 1373 547 1437 modd
562 1395 635 1459 quas
650 1387 818 1459 acceperat,
833 1395 929 1438 auras.

62 1474 64 1478 ⁴
144 1473 355 1557 Exemploque
371 1473 433 1557 pari
449 1473 517 1536 furit
531 1473 627 1537 omnis
642 1474 744 1537 turba:
767 1475 881 1557 suoque

143 1571 242 1634 Marte
257 1571 367 1635 cadunt
381 1571 468 1634 subiti
484 1593 538 1655 per
552 1586 656 1634 mutua
671 1573 792 1635 vulnera
807 1569 921 1636 iratres.
1063 1573 1131 1635 100

143 1658 272 1756 Jamque
288 1672 385 1735 brevis
400 1672 527 1756 spatium
543 1672 610 1735 vite
625 1674 725 1737 sortita
735 1673 877 1759 juventus

144 1769 344 1853 Sanguineam
359 1771 475 1854 trepido
490 1771 669 1856 plangebant
684 1786 805 1857 pectore
821 1785 958 1849 manem,

144 1868 288 1954 Quinque
302 1870 523 1954 superstitibus:
548 1891 672 1954 quorum
688 1871 741 1934 suit
755 1893 832 1934 unus
848 1869 976 1934 Euhion.

144 1967 174 2031 Is
189 1990 242 2031 sua
252 1968 326 2054 jecit
340 1968 433 2046 humi,
448 1969 561 2033 monitu
577 1952 749 2047 Tiitonidis,
764 1991 863 2047 arma;

144 2065 354 2181 Fraternaeque
369 2067 457 2130 fidem
473 2068 554 2153 pacis
569 2068 725 2152 petiitque,
736 2068 889 2153 deditque.
1064 2067 1131 2131 105

47 2169 49 2174 ’
144 2164 210 2230 llos
226 2167 323 2250 operis
336 2166 460 2230 comites
475 2167 578 2230 habuit
592 2167 731 2230 Sidonius
746 2167 875 2251 hospes;

144 2263 226 2329 Cum
242 2267 339 2350 posuit
349 2264 463 2352 jussam
479 2265 624 2329 Phoebeis
639 2266 765 2340 sortibus
780 2267 895 2330 urbem.

368 2522 504 2566 ΔΘΤΕΟΝ
525 2522 561 2564 nt
584 2521 718 2565 cnutum
739 2521 902 2565 marne.

574 2706 605 2748 v.
620 2689 692 2750 131.

143 2855 212 2918 Jam
228 2855 343 2918 stabant
357 2855 490 2920 Thebae:
514 2869 632 2942 poteras
641 2856 715 2944 jam,
731 2858 861 2937 Cadme,
876 2858 970 2924 videri

145 2953 260 3017 Exsilio
275 2953 364 3018 felix:
387 2956 479 3019 soceri
496 2956 547 3020 tibi
562 2955 704 3042 Marsque
721 2955 886 3043 Venusque

145 3052 357 3136 Contigerant:
380 3055 439 3117 huo
455 3054 531 3117 adde
547 3076 640 3136 genus
655 3056 694 3118 de
707 3055 835 3142 conjuge
851 3055 944 3134 tanta,
994 3070 997 3076 '
1065 3058 1129 3121 110

143 3151 205 3215 Tot
220 3166 316 3229 natos,
331 3165 484 3237 natasque,
500 3166 541 3230 et,
557 3153 770 3236 pignoramur,
786 3169 922 3240 nepotes.

145 3248 210 3313 Hos
225 3272 343 3334 quoque
354 3249 417 3334 jam
428 3250 567 3336 juvenes.
612 3251 684 3331 Sed,
697 3253 821 3331 seilicet,
836 3253 941 3319 ultima
954 3266 1079 3338 semper

145 3347 360 3433 Exspectanda
374 3349 436 3412 dies
451 3349 580 3414 homiui:
605 3352 722 3437 dieique
736 3353 841 3418 bertus

145 3449 227 3512 Ante
242 3449 354 3512 obitum
369 3471 459 3512 nemo
474 3470 671 3535 supremaque
687 3449 790 3516 funera
808 3453 910 3517 debet

188 3545 289 3611 Prima
302 3571 396 3634 nepos
411 3548 489 3612 inter
503 3560 547 3611 tot
561 3569 607 3612 res
621 3549 685 3631 tibi,
700 3549 830 3630 Cadme,
845 3550 990 3616 secundas
1066 3547 1129 3611 115
