2536 4252
175 425 219 488 70
490 427 837 482 mermomflosson

175 579 243 646 Nec
256 580 335 646 cedit
349 581 404 644 nisi
419 594 497 644 sorte
511 581 603 644 mihi?
648 580 709 643 Sed
724 592 805 643 tanta
818 577 930 663 cupido

176 680 208 743 Si
222 680 274 743 tibi
290 679 401 742 discidii
411 701 420 754 ;
431 675 557 762 'repetat
572 673 892 762 Proserpina‘coelum:

175 776 260 858 Lege
275 791 375 839 tamen
389 777 489 853 certa:
512 778 534 839 si
550 778 645 839 nullos
659 777 781 858 contigit
796 776 856 839 illic

175 873 238 936 Ore
253 875 350 937 cibos:
374 875 499 938 namsia
514 874 675 938 Parcarum
689 873 801 937 soedere
814 886 935 936 cautum
954 872 1021 936 est!

219 971 355 1034 Dixerat.
400 973 444 1035 At
459 971 564 1036 Cereri
577 987 692 1035 certum
707 986 752 1034 est
767 973 894 1034 educere
908 985 1020 1035 natam.
1087 975 1152 1038 370

176 1067 247 1131 Non
263 1070 302 1132 ita
317 1069 375 1133 sata
389 1070 503 1133 sinunt:
528 1070 666 1154 quoniam
676 1060 790 1155 jejunia
805 1069 887 1152 virgo

154 1235 159 1246 ¹
176 1166 327 1230 Solverat:
351 1181 391 1246 et,
405 1169 492 1231 cultis
507 1168 578 1230 dum
592 1167 720 1252 simplex
735 1181 811 1230 errat
826 1168 856 1230 in
870 1168 970 1246 hortis,

175 1263 352 1328 Poeniceum
366 1266 459 1328 curva
473 1265 660 1349 decerpserat
674 1266 777 1359 prbore
795 1286 935 1349 pomum:

175 1362 360 1448 Sumptaque
377 1363 497 1447 pallenti
511 1376 627 1448 septem
642 1363 680 1425 de
695 1363 804 1426 cortice
819 1383 909 1445 gana

175 1460 328 1524 Presserat
342 1483 392 1523 ore
408 1482 479 1523 suo:
502 1458 641 1544 solusque
656 1481 695 1523 ex
710 1460 845 1523 omnibus
858 1460 930 1523 illud
1087 1463 1153 1527 375

176 1555 301 1621 Viderat
315 1558 519 1641 Ascalaphus:
544 1579 633 1641 quem
648 1558 796 1642 quondam
811 1557 917 1621 dicitur
929 1556 1067 1643 Orphne,

174 1653 257 1720 Inter
270 1654 435 1717 Avernales
450 1655 529 1717 haud
545 1655 724 1738 ignotissima
735 1656 894 1739 nymphas,

175 1751 227 1815 Ex
242 1753 413 1816 Acheronte
427 1774 481 1815 suo
496 1751 587 1816 furvis
602 1753 752 1836 peperisse
766 1753 821 1815 sub
836 1753 935 1816 antris.

176 1848 277 1913 Vidit:
300 1864 331 1912 et
345 1850 453 1914 indicio
466 1850 592 1912 reditum
604 1850 731 1914 crudelis
745 1849 866 1914 ademit.
1190 1922 1196 1929 g

120 1978 124 1983 ·
175 1946 324 2030 Ingemuit
338 1948 439 2030 regina
453 1947 562 2025 Erebi3
584 1962 749 2031 testemque
764 1947 916 2032 profanam
1085 1950 1153 2015 38⁰

174 2044 263 2108 Fecit
277 2067 381 2108 avem:
404 2065 597 2129 sparsumque
611 2058 702 2129 caput
717 2045 967 2127 Phlegethontide
980 2044 1109 2131 lymth

174 2141 210 2205 ln
225 2157 360 2221 rostrum,
376 2156 406 2205 et
421 2143 546 2227 plumas,
562 2156 592 2206 et
607 2142 726 2224 grandia
740 2142 851 2205 lumina
858 2142 963 2227 avertit.

174 2239 228 2302 Ille
243 2240 297 2303 sibi
312 2241 425 2303 ablatus
440 2238 525 2303 sulvis
539 2240 673 2303 amicitur
685 2240 724 2302 ah
737 2240 808 2317 alis;

174 2336 269 2422 Inque
282 2352 374 2422 caput
388 2337 492 2401 crescit
500 2358 510 2414 ς
531 2337 693 2421 longosque
708 2338 870 2402 reflectitur
883 2358 1016 2422 ungues:

174 2433 296 2520 Vixque
310 2449 412 2500 movet
425 2449 509 2499 natas
523 2457 577 2520 per
590 2435 693 2499 inertia
707 2435 825 2500 brachia
840 2455 971 2520 pennas:
1083 2437 1151 2504 θῶ

172 2533 328 2620 Foedaque
343 2535 375 2598 fit
389 2535 524 2614 volucris,
540 2535 655 2598 venturi
669 2535 772 2598 nuntia
785 2535 891 2615 luctds,

172 2629 301 2714 Ignarus
315 2632 406 2709 bubo,
421 2632 517 2694 dirum
531 2633 700 2695 mortalibus
715 2653 816 2695 omen.

215 2728 259 2791 At
273 2728 387 2791 medius
403 2727 555 2810 fratrisque
569 2728 801 2814 sui-moestaeque
815 2729 920 2793 sororis

77 2902 80 2909 ‚
172 2823 291 2908 Jupiter
305 2845 344 2889 ex
358 2846 443 2909 aequo
458 2825 627 2888 volventem
642 2827 745 2890 dividit
759 2849 879 2890 annum.

172 2921 262 2985 Nunc
277 2923 343 3000 dea,
357 2928 513 3005 regnomm
528 2945 638 2987 numen
652 2946 810 2988 commune
825 2925 961 3003 duorum,
1081 2927 1149 2991 aaa

172 3018 254 3082 Cum
268 3033 361 3082 matre
376 3033 421 3082 est
436 3021 570 3098 totidem,
584 3022 707 3084 totidem
721 3044 791 3084 cum
805 3021 931 3107 conjuge
945 3042 1075 3086 metram.

136 3172 140 3179 .
172 3115 306 3180 Vertitur
319 3119 472 3202 extemplo
486 3117 585 3196 facies,
601 3133 631 3182 et
645 3119 762 3197 mentis,
777 3133 808 3182 et
822 3120 895 3183 oris:

170 3213 261 3293 Nam,
275 3214 365 3277 modi)
381 3237 445 3298 quae
460 3230 575 3298 poterat
591 3215 653 3290 Diti
669 3239 786 3301 quoquc
801 3231 907 3280 moesta
922 3216 1026 3296 videri,

145 3307 150 3311 ⁵
170 3313 254 3377 Laeta
268 3314 330 3376 deae
346 3312 423 3376 srons
439 3328 502 3376 est:
527 3328 559 3376 ut
573 3315 626 3391 sol,
642 3317 692 3398 qui
706 3329 802 3378 tectus
817 3317 933 3399 aquosis

171 3408 306 3476 Nubibus
320 3412 388 3475 ante
404 3410 467 3490 luit,
483 3411 567 3474 victis
580 3413 629 3474 ubi
644 3414 770 3475 nubibus
785 3413 858 3475 exit.
1083 3415 1147 3479 395
1223 3467 1225 3473 .
