2536 4252
107 414 150 475 6⁰
420 422 765 471 uaanuoaruosaon

107 571 225 655 Stipite,
240 571 290 655 qui
304 570 403 633 media
417 571 528 655 positus
543 570 671 633 fumabat
685 572 715 633 in
730 571 810 649 aula,

108 669 238 733 Perculit
247 692 256 748 ;
279 683 309 731 et
324 668 422 730 fractis
435 667 566 731 confudit
581 669 609 731 in
624 669 736 731 ossibus
751 690 812 731 ora.

49 818 61 839 ,.
108 764 198 829 Hunc
213 766 262 828 ubi
277 766 409 828 laudatos
420 765 581 850 jactantem
596 766 625 828 in
640 767 781 848 sanguine
797 768 896 830 vultus

108 863 246 946 Assyrius
261 864 333 926 vidit
346 863 494 947 Lycabas,
505 863 704 948 junctissimus
720 864 760 926 illi
845 858 848 863 ’
1036 869 1083 931 60

108 959 149 1022 Et
163 982 274 1038 comes,
289 975 320 1024 et
342 961 402 1023 veri
417 966 475 1023 non
490 961 684 1024 dissimulator
698 962 803 1024 amoris
816 983 824 1039 ;

107 1058 271 1143 Postquam
286 1059 474 1122 exhalantem
489 1059 543 1121 sub
556 1059 663 1121 acerbo
678 1059 799 1122 vulnere
813 1060 905 1123 vitam

36 1216 42 1226 ,
107 1154 283 1240 Deploravit
297 1157 411 1233 Athin3
435 1179 508 1240 quos
523 1156 571 1219 ille
586 1157 760 1234 tetenderat,
776 1178 860 1220 arcus

108 1254 246 1338 Adripit3
267 1267 308 1331 et,
324 1262 332 1292 ‘
349 1253 473 1318 Mecum
488 1254 539 1317 tibi
553 1255 611 1316 sint
625 1255 806 1332 certamina,'
822 1255 914 1318 dixit:

107 1349 192 1414 ‘Nec
207 1352 326 1435 longdm
340 1352 424 1437 pueri
439 1351 499 1415 sato
513 1352 667 1429 laetabere3
689 1373 748 1436 quo
763 1353 829 1436 plus
985 1359 989 1369 '
1037 1353 1111 1416 65·

107 1448 237 1528 lnvidiae,
253 1451 341 1534 quam
357 1451 460 1527 laudis,
476 1450 588 1512 habes!
634 1448 709 1512 Haec
722 1450 822 1513 omnia
834 1451 966 1531 nondum

109 1545 251 1609 Dixerat:
275 1548 396 1610 emicuit
409 1568 501 1609 nervo
516 1547 696 1630 penetrabile
710 1546 821 1610 telum:

109 1643 313 1729 Vitatumque,
328 1659 427 1707 tamen
443 1644 561 1707 sinuosis
575 1659 657 1707 veste
673 1645 824 1729 pependit.

109 1740 207 1804 Vertit
221 1742 249 1805 in
264 1743 343 1805 hunc
359 1743 481 1827 harpen,
493 1756 660 1827 spectatam
673 1733 754 1808 crede
768 1741 915 1820 Medusa,

98 1839 335 1919 Acrisioniades,
350 1840 499 1924 adigitque
513 1841 543 1904 in
558 1855 673 1925 pectus.
718 1841 762 1903 At
776 1841 825 1904 ille
1035 1845 1079 1906 'to

107 1936 126 1998 J
129 1959 176 1998 am
190 1937 329 2014 monens,
343 1937 434 2000 oculis
447 1938 503 2000 suh
518 1952 605 2000 nocte
620 1938 784 2001 natantibus
799 1938 872 2017 atri,

107 2033 327 2118 Circumspexit
342 2035 454 2099 Athin:
476 2056 568 2120 seque
582 2036 739 2098 adclinavit
753 2036 783 2099 in
797 2036 900 2100 illum:
941 2055 944 2060 ’

108 2130 149 2194 Et
163 2131 228 2194 tulit
243 2133 280 2195 ad
295 2153 396 2195 manes
407 2132 515 2219 juncta
529 2133 633 2197 solatia
646 2134 756 2204 mortis.

37 2270 50 2285 ·
150 2229 217 2293 Nec
231 2229 363 2294 Phineus
377 2253 464 2294 ausus
478 2253 652 2295 concurrere
665 2233 798 2296 corninus
813 2232 905 2311 hosti,

107 2327 259 2412 Intorquet
268 2328 419 2414 jaculum:
443 2329 522 2414 quod
537 2329 641 2392 detulit
654 2351 734 2393 error
748 2331 777 2392 in
794 2329 878 2409 Idan,
1034 2332 1078 2395 75

108 2426 274 2510 Expertem
288 2426 393 2490 flustra
404 2427 486 2505 belli,
501 2440 531 2490 et
546 2441 649 2490 neutra
663 2448 744 2491 anna
760 2441 922 2511 secutum„
951 2457 954 2461 ⁴

107 2523 160 2586 llle
176 2539 261 2588 tuens
275 2526 367 2589 oculis
383 2526 525 2590 immitem
539 2525 657 2589 Phinea
670 2527 769 2604 torvis,

107 2621 378 2706 ‘Quandoquidem
394 2624 423 2686 in
438 2623 556 2706 partes,'
572 2625 622 2700 ait,
634 2631 643 2662 ‘
653 2624 813 2701 abstrahor,
824 2623 937 2707 accipe,
948 2621 1077 2701 Phineu,

40 2722 43 2728 '
108 2717 211 2793 Quem
226 2719 320 2782 fecisti
335 2720 461 2796 hostem,
476 2740 626 2803 pensaque
641 2721 698 2784 hoc
713 2717 835 2784 vulnere
850 2721 986 2784 vulnus'

3 2843 26 2912 ὑ·
106 2815 234 2900 Jamque
249 2818 419 2880 remissurus
433 2830 558 2879 tractum
573 2817 610 2879 de
625 2839 747 2902 corpore
762 2819 855 2882 telum
1035 2819 1078 2881 80

108 2913 255 2995 Sanguine
271 2913 400 2978 desectos
414 2915 521 2979 cecidit
534 2916 681 3001 collapsus
692 2917 724 2979 in
740 2932 828 2980 artus.

148 3009 210 3073 Hic
226 3033 343 3095 quoque
358 3012 539 3096 Cephenum
553 3029 620 3098 post
634 3035 735 3096 regem
750 3015 861 3098 primus
875 3013 982 3077 Odites

108 3109 189 3171 Ense
200 3109 282 3193 jacet
296 3108 457 3193 Clymeni:
480 3110 644 3174 Protenora
658 3113 782 3195 perculit
796 3111 960 3198 Hypseus:

108 3206 234 3291 Hypsea
249 3207 410 3291 Lyncides·
454 3206 526 3271 Fuit
540 3223 570 3271 et
585 3211 756 3292 grandevus
770 3211 800 3274 in
814 3210 871 3274 illis

25 3307 29 3314 “
108 3305 278 3384 Emathion,
294 3307 371 3390 aequi
385 3307 491 3383 cultor,
506 3307 682 3391 timidusque
697 3308 840 3372 deomm:
1036 3307 1080 3372 85

107 3401 209 3475 Quem
227 3405 364 3488 quoniam
379 3403 535 3488 prohibent
550 3406 618 3468 anni
633 3407 754 3484 bellare,
769 3406 920 3490 loquendo

107 3498 244 3583 Pugnat3
267 3516 297 3569 et
311 3502 438 3581 incessit,
453 3504 653 3586 scelerataque
668 3504 798 3567 devovet
815 3525 907 3567 arma

109 3595 187 3681 Huic
202 3598 340 3664 Chromis
354 3601 495 3686 amplexo
508 3601 639 3664 tremulis
652 3602 754 3665 altaria
767 3602 872 3687 palmis

476 3726 482 3758 l
