2536 4252
535 373 710 423 EPISTOLA
736 375 757 423 1.

157 518 220 584 Nos
236 521 346 604 Pylon,
361 522 472 608 antiqui
489 522 597 586 Neleia
612 522 747 587 Nestoris
762 547 841 602 arva,

198 618 352 683 Misimus:
377 623 487 684 incerta
503 637 548 684 est
563 621 641 684 lama
654 623 776 686 remissa
791 622 882 707 Pylo.

155 715 292 782 Misimus
308 739 338 782 et
353 719 498 804 Sparten:
523 720 629 804 Sparte
646 743 765 805 quoque
780 722 880 784 nescia
896 721 967 785 veri.

93 810 96 816 ’
196 815 282 890 Quas
299 819 411 881 habitas
427 832 528 896 terrae,
545 832 596 882 aut
610 820 660 881 ubi
676 819 772 882 lentus
787 820 878 882 abes?
1092 822 1136 887 60

153 913 263 978 Utilius
278 931 389 980 starent
404 917 494 980 etiam
509 939 588 980 nunc
603 917 715 980 moenia
732 915 854 981 Phoebi.

156 1037 159 1040 ·
197 1012 325 1099 (Irascor
339 1015 414 1077 votis
430 1015 489 1078 heu
504 1015 578 1078 levis
593 1016 657 1101 ipsa
672 1016 745 1078 meis
758 1014 781 1102 !)

152 1109 266 1173 Scirem
282 1113 332 1174 ubi
348 1135 512 1196 pugnares3
534 1127 565 1176 et
581 1116 694 1176 tantinn
709 1113 789 1176 bella
803 1114 959 1193 timerem3

194 1208 235 1271 Et
250 1231 318 1271 mea
332 1232 401 1272 cum
417 1211 516 1273 multis
527 1201 633 1295 juncta¹
648 1212 768 1295 querela
783 1211 868 1274 soret.

152 1304 235 1379 Quid
251 1308 370 1369 timeam
387 1308 505 1388 ignoro:
530 1309 621 1371 timeo
635 1323 735 1370 tamen
749 1310 849 1372 omnia
863 1309 1002 1375 demens:
1091 1315 1133 1378 65

194 1403 235 1466 Et
252 1419 332 1487 patet
347 1405 375 1467 in
391 1427 475 1468 curas
491 1427 559 1468 area
573 1406 633 1469 lata
647 1427 740 1469 meas.

112 1562 117 1569 .
152 1500 349 1588 Quaecunque
366 1526 465 1588 aequor
479 1505 579 1582 habet,
595 1526 779 1590 quaecunque
794 1505 927 1590 pericula
940 1507 1038 1586 tellus,

193 1598 276 1679 Tam
288 1601 381 1686 longa
396 1624 499 1666 causas
514 1603 648 1686 suspicor
661 1624 727 1666 esse
742 1625 842 1667 rnorae.

149 1696 224 1761 Hac
239 1720 296 1782 ego
311 1701 382 1763 dum
397 1701 486 1764 stulte
501 1701 628 1764 meditor
644 1700 724 1788 (quae
740 1715 838 1765 vestra
852 1702 941 1766 libido
956 1701 1016 1788 est)

191 1797 267 1860 Esse
284 1800 439 1882 peregrino
454 1813 558 1884 captus
573 1821 673 1863 amore
689 1814 787 1884 potes.
1087 1805 1131 1866 70

149 1893 284 1959 Forsitan
299 1911 330 1961 et
344 1920 452 1975 norrea,
468 1899 558 1984 quim
572 1897 610 1962 sit
624 1899 676 1961 tibi
691 1898 798 1962 rustica
812 1897 942 1985 conjux;

192 1993 270 2068 Qua
286 1997 399 2061 tantbrn
411 1985 565 2060 lanas'non
580 1997 655 2060 sinat
670 2018 735 2060 esse
749 1997 849 2060 rudes.

148 2091 264 2171 Fallar3
288 2108 318 2157 et
333 2095 390 2157 hoc
404 2095 515 2157 crimen
532 2109 637 2157 tenues
652 2109 791 2157 vanescat
805 2095 835 2158 irr
850 2117 954 2159 auras:

190 2190 288 2269 Neve,
303 2192 471 2255 revertendi
485 2192 570 2269 liber,
586 2192 688 2254 abesse
705 2191 788 2254 velis.

148 2287 201 2350 Me
217 2304 302 2374 pater
316 2289 426 2353 Icarius
442 2290 532 2353 viduo
546 2289 698 2362 discedere
713 2289 792 2353 lecto

190 2386 290 2470 Cogit,
306 2402 337 2450 et
351 2388 508 2450 immensas
524 2387 766 2472 increpatusque
781 2409 888 2451 moras·
965 2416 969 2423 ·
984 2448 988 2456 .

147 2484 285 2569 Increpet
299 2507 393 2570 usque
408 2485 495 2548 licet:
517 2499 569 2549 tua
583 2506 660 2562 sum,
675 2499 727 2548 tua
741 2485 822 2548 dicar
837 2499 955 2571 oportet

189 2582 361 2667 Penelope:
385 2581 495 2668 conjux
510 2604 629 2667 semper
643 2582 761 2668 Ulyssis
776 2605 837 2646 ero.

146 2680 200 2743 llle
216 2694 315 2744 tamen
334 2682 444 2765 pietate
459 2681 528 2744 meir
543 2681 739 2767 precibusque
754 2682 869 2766 pudicis
1070 2703 1098 2752 θ

188 2777 354 2861 Frangitur,
371 2792 401 2842 et
417 2779 493 2843 vires
507 2793 653 2866 temperat
667 2781 731 2865 ipse
745 2802 823 2844 suae.
1082 2783 1126 2848 8⁰

145 2878 287 2956 Dulichii,
300 2879 463 2963 Samiique,
478 2893 519 2956 et,
535 2901 608 2963 quos
623 2879 689 2942 tulit
704 2879 763 2941 alta
777 2879 964 2964 Zacynthos,

186 2976 290 3039 Turba
303 2991 392 3041 ruunt
407 2978 436 3040 in
452 2998 500 3039 me
515 2977 676 3054 luxuriosa,
691 2976 791 3061 proci:
923 2977 927 2981 ’

146 3073 237 3157 lnque
252 3076 304 3138 turi
317 3087 451 3158 regnant,
466 3074 552 3137 nullis
567 3075 799 3159 prohibentibus,
814 3076 893 3140 aulai.

188 3172 311 3235 Viscera
326 3187 434 3250 nostra,
450 3187 506 3236 tuae
523 3173 700 3237 dilaniantur
713 3195 798 3259 epea.

143 3268 227 3343 Quid
242 3272 294 3333 tibi
310 3270 498 3348 Pisandrum,
514 3270 736 3356 Polybumque,
751 3271 958 3357 Medontaque
973 3271 1079 3350 dirum,

186 3368 429 3452 Eurymachique
445 3368 555 3445 avidaS,
573 3369 755 3455 Antinoique
770 3391 886 3447 manus,
1079 3370 1122 3435 86

144 3466 245 3550 Atque
261 3466 332 3529 alios
347 3466 483 3544 reseram,
500 3488 573 3551 quos
587 3488 692 3530 ornnes
707 3469 831 3552 turpiter
844 3467 950 3530 absens

185 3563 253 3651 Ipse
268 3579 320 3629 tuo
334 3565 424 3650 partis
439 3565 580 3648 sanguine
595 3565 683 3630 rebus
698 3566 773 3629 alis?
