2536 4252
523 436 631 486 LIBER
655 436 726 488 XIV.
1053 427 1112 494 137
1175 459 1178 463 ·

137 581 206 648 Nec
220 583 313 647 soceri
328 599 489 670 sceptrum,
504 608 561 650 nec
575 567 622 664 te,
631 586 756 650 Lavinia
771 587 862 669 virgo,

138 682 200 746 Sed
214 683 319 746 vicisse
335 697 457 767 petunt:
481 685 708 768 deponendique
723 686 835 769 pudore
860 739 864 746 .
1072 686 1114 748 60

138 779 226 844 Bella
240 795 355 863 gerunt.
396 781 599 866 Tandemque
615 780 720 845 Venus
736 783 865 845 victricia
878 784 938 846 nati

138 880 233 941 Arma
247 879 344 942 videt:
367 879 547 964 Turnusque
562 880 659 956 cadit;
681 879 760 942 cadit
775 880 886 957 Ardea,
902 879 1008 943 Turno

139 979 268 1062 Sospite,
283 981 361 1042 dicta
376 996 491 1064 potens
537 979 640 1054 Quam
655 993 812 1065 postquam
827 980 965 1044 barbarus
980 982 1054 1064 iguis
1124 1018 1128 1027 =
1145 1025 1153 1031 -›

140 1078 280 1154 Abstulit,
295 1092 326 1141 et
341 1079 443 1163 tepida
458 1079 607 1142 latuerunt
621 1093 700 1142 tecta
715 1079 835 1156 savilli;

139 1175 288 1258 Congerie
304 1197 321 1238 e
335 1177 435 1239 media
449 1192 511 1239 tum
528 1178 654 1261 primiim
669 1177 786 1258 cognita
800 1198 915 1261 praepes
1072 1177 1116 1240 65

77 1311 86 1323 ,
106 1315 109 1321 -
140 1273 293 1351 Subvolat,
308 1287 339 1336 et
353 1275 466 1337 cineres
483 1276 591 1357 plausis
606 1275 759 1338 everberat
773 1276 836 1336 alis.

140 1369 182 1432 Et
196 1393 296 1449 sonus,
311 1387 342 1434 et
357 1373 476 1449 macies,
492 1387 522 1434 et
536 1373 640 1456 pallor,
656 1387 686 1434 et
702 1373 811 1449 omnia,
826 1384 946 1454 captam

140 1467 218 1539 Quae
234 1470 360 1548 deceant
374 1470 489 1546 urbem,
504 1491 613 1554 nonpen
629 1491 747 1554 quoque
762 1469 868 1531 mansit
882 1469 912 1530 in
927 1467 979 1531 illit

140 1564 246 1629 Urbis:
270 1581 301 1629 et
317 1568 380 1651 ipsa
394 1569 453 1628 suis
469 1567 654 1650 deplangitur
669 1566 770 1629 Ardea
785 1567 899 1651 pennis

181 1663 310 1748 Jamque
326 1665 397 1728 deos
412 1686 526 1742 omnes,
542 1665 695 1750 ipsamque
710 1665 821 1728 AEneia
836 1665 927 1727 virtus
981 1724 983 1727 .
1072 1666 1116 1727 70

69 1747 93 1773 ⁹
140 1761 289 1824 Junonem
306 1778 421 1825 veteres
435 1763 518 1832 finire
532 1766 672 1844 co‘e‘gerat
687 1762 760 1825 iras:

141 1859 232 1938 Cum,
247 1861 324 1923 bene
340 1859 467 1923 fundatis
482 1860 587 1945 opibus
602 1862 761 1924 crescentis
777 1858 843 1939 liili,

140 1956 351 2042 Tempestivus
365 1973 427 2022 erat
441 1959 520 2023 eoelo
535 1958 718 2044 Cythereius
732 1959 838 2036 lteros;
876 1983 878 1988 ·

140 2055 354 2140 Ambieratque
371 2056 475 2120 Venus
489 2079 628 2141 superos:
651 2057 788 2141 colloque
804 2057 932 2140 parentis

141 2152 329 2216 Circumfusa
343 2155 398 2231 sui,
414 2153 594 2238 ‘Nunquam
616 2153 709 2227 mihi,'
726 2154 852 2231 dlxerat,
869 2155 948 2217 ‘ullo
1075 2155 1118 2218 75

140 2249 292 2336 Tempore
309 2252 380 2314 dure
395 2265 490 2335 pater,
504 2273 583 2314 nunc
598 2253 637 2314 sis
652 2251 820 2314 mitissimus
834 2272 905 2328 oro;

141 2350 304 2434 AEneaeque
319 2371 398 2427 mec,
415 2350 464 2433 qui
480 2364 510 2412 te
526 2349 563 2411 de
577 2349 718 2431 sanguine
733 2362 832 2412 nostro

141 2445 227 2511 Fecit
242 2470 341 2525 avum,
357 2447 491 2530 quamvis
505 2467 640 2528 parvum,
656 2446 717 2522 des,
733 2447 857 2529 optime,
871 2467 1000 2522 numen3

141 2544 315 2607 Dummodo
330 2544 382 2605 des
397 2542 526 2626 aliquod.
572 2542 648 2604 Satis
663 2556 708 2606 est
723 2543 879 2605 inamabile
893 2563 1017 2625 regnum

142 2641 326 2724 Adspexisse
342 2640 446 2717 semel,
462 2639 580 2723 Stygios
595 2640 688 2702 semel
702 2641 760 2702 isse
776 2661 830 2724 per
844 2640 965 2703 amnes!
1074 2643 1118 2706 80

140 2739 311 2802 Adsensere
327 2739 393 2803 dei:
417 2760 474 2801 nee
488 2736 598 2822 conjux
613 2738 693 2820 regia
708 2738 806 2801 vultus

141 2838 282 2900 immotos
298 2837 402 2914 tenuit,
417 2836 593 2920 placatoque
608 2837 710 2899 annuit
725 2857 787 2899 ore.

140 2934 221 2997 Tum
237 2947 330 3017 pater,
348 2932 467 3009 ‘Estisss
484 2933 534 3009 ait,
550 2932 682 2995 ‘eoelesti
698 2953 820 2994 munere
835 2931 926 3014 digni,

141 3032 279 3115 Quaque
293 3032 381 3115 petis,
397 3052 451 3115 pro
466 3051 584 3114 quoque
599 3029 694 3114 petis:
717 3018 803 3113 cape,
820 3043 897 3107 nata,
911 3030 993 3115 quod
1009 3031 1117 3116 optas!

118 3149 122 3157 ·
183 3129 277 3192 Fatus
292 3143 364 3192 erat.
410 3128 541 3206 Gaudet,
556 3141 713 3212 gratesque
729 3128 787 3210 agit
801 3128 851 3190 illa
865 3128 995 3212 parenti:
1076 3131 1119 3193 85

142 3225 260 3309 Perque
275 3227 357 3290 leves
371 3249 456 3290 auras
467 3226 576 3311 junctis
592 3227 709 3288 invecta
723 3225 867 3288 columbis

142 3323 239 3388 Linus
254 3326 313 3386 adit
327 3324 480 3400 Laurens;
502 3324 550 3385 ubi
568 3336 662 3385 tectus
678 3324 818 3385 arundine
833 3323 924 3406 serpit

142 3421 175 3484 ln
191 3422 265 3485 sreta
280 3423 425 3484 flumineis
442 3422 536 3484 vicina
551 3417 707 3482 Numicius
722 3421 818 3482 undis.

142 3519 232 3584 Hunc
242 3520 330 3606 jubet
344 3520 459 3597 AEneae,
475 3516 665 3603 quaecunque‘
674 3518 803 3580 obnoxia
817 3517 914 3594 morti,

142 3616 292 3698 Abluere;
314 3631 345 3681 et
359 3617 447 3680 tacito
462 3615 576 3678 deserte
591 3616 779 3708 subaequore
791 3634 891 3677 eursu
1076 3615 1120 3680 90

444 3713 512 3776 12*
