2536 4252
479 437 482 444 ·
579 408 687 459 LIBER
712 407 786 459 XIV.

546 652 689 734 ‘LIBER
721 653 830 734 xlv„

450 847 627 890 munusue
652 847 756 890 arens
781 847 910 891 maur.
976 807 978 811 ¹

622 1018 652 1060 v.
664 999 739 1061 445.

143 1130 145 1133 ’
192 1139 323 1203 Solvitur
337 1141 463 1205 herboso
477 1143 615 1225 religatus
630 1144 667 1206 ab
681 1165 789 1226 aggere
804 1143 898 1209 lunis:

192 1235 234 1300 Et
247 1239 349 1322 procul
364 1239 492 1318 insidias,
507 1239 716 1325 infamataeque
730 1242 901 1325 relinquunt

113 1361 115 1364 ’
191 1334 288 1398 Tecta
303 1323 376 1415 deae,
391 1338 534 1422 lucosque
549 1351 664 1422 petunt,
679 1339 729 1401 ubi
743 1340 859 1406 nubilus
874 1339 979 1403 umbri
1048 1395 1051 1400 .

192 1432 226 1494 ln
241 1456 321 1496 mare
335 1456 405 1497 cum
421 1435 500 1498 flavia
514 1436 677 1519 prorumpit
691 1434 801 1518 Tybris
817 1435 916 1498 areni.

190 1529 430 1616 Faunigenaeque
441 1533 534 1596 domo
548 1533 658 1617 potitur
670 1534 799 1617 nataque
815 1533 933 1611 Latini3
1146 1540 1168 1603 5

191 1627 261 1691 Non
275 1630 337 1692 sine
352 1629 451 1693 Marte
467 1644 577 1693 tamen.
622 1629 742 1694 Bellum
757 1653 826 1693 cum
841 1646 929 1713 gente
944 1631 1033 1695 feroci

191 1727 355 1811 Suscipitur
365 1750 381 1806 ;·
396 1728 542 1813 pactique
556 1728 623 1791 surit
639 1750 692 1811 pro
707 1727 833 1813 conjuge
847 1728 980 1794 Turnus.

233 1823 391 1888 Concurrit
404 1825 493 1889 Latio
507 1825 676 1910 Tyrrhenia
691 1839 769 1889 tota:
793 1827 904 1911 diuque

190 1922 294 1986 Ardua
308 1924 436 1988 sollicitis
452 1926 573 1989 victoria
587 1925 723 2009 quaeritur
736 1925 835 1988 armis.

191 2021 292 2104 Auget
306 2037 430 2106 uterque
444 2045 511 2086 suas
526 2037 651 2086 externo
665 2023 769 2086 robore
785 2023 878 2086 vires:

189 2118 231 2182 Et
247 2121 329 2183 multi
345 2121 486 2199 Rutulos
501 2121 583 2183 multi
600 2119 731 2205 Trojano
747 2134 867 2182 tuentur

189 2217 310 2294 Castra„
350 2216 460 2303 Neque
477 2219 587 2282 AEneas
602 2217 734 2280 Evandri
749 2218 786 2280 ad
801 2217 902 2280 limine
914 2216 1031 2296 smstrrl,

188 2317 233 2379 At
249 2316 385 2379 Venulus
401 2339 536 2400 magnam
553 2315 667 2400 profugi
683 2315 839 2378 Diomedis
853 2316 890 2377 ud
906 2316 1009 2379 urbem

189 2404 332 2477 Venerat.
377 2414 432 2477 llle
448 2415 566 2498 quidem
580 2415 635 2474 sub
650 2413 764 2494 Iapyge
780 2413 909 2474 maxima
926 2412 1038 2475 Dauno
1129 2422 1132 2426 '

188 2512 304 2577 Moenia
318 2512 500 2587 condiderat,
514 2511 680 2593 dotaliaque
697 2530 766 2571 arva
780 2510 910 2572 tenebat.
1125 2513 1165 2575 15

135 2645 137 2650 r
188 2612 250 2675 Sed
267 2611 403 2673 Venulus
417 2608 511 2671 Turni
527 2623 683 2692 postquam
698 2607 836 2670 mandata
849 2605 975 2691 peregit,

187 2711 403 2793 Amuliumque
418 2707 510 2792 petit;
533 2707 609 2769 vires
623 2705 753 2768 AEtolius
768 2706 855 2768 heros
875 2741 877 2748 ν

175 2807 339 2885 Excusat:
363 2828 419 2870 nec
433 2828 465 2869 se
480 2805 575 2868 soceri
589 2804 774 2868 committere
791 2825 896 2888 pugnae

189 2905 277 2968 Velle
292 2906 336 2968 sui
351 2904 494 2990 populos:
517 2924 585 2979 nec,
600 2923 675 2986 quos
691 2923 708 2963 e
723 2916 811 2983 gente
828 2922 948 2990 suorpm

188 3004 305 3081 Armet,
320 3005 427 3067 habere
444 3001 531 3065 viros.
576 2999 683 3063 Rutuli
698 3000 760 3062 sine
772 2998 880 3062 viribus
896 2998 951 3064 illis
1121 3005 1165 3068 20

186 3101 275 3164 Bella
289 3102 429 3164 instructa
443 3113 567 3183 gerunt:
591 3098 776 3182 multumque
788 3098 825 3160 ab
836 3097 960 3183 utrique
971 3099 1086 3163 cruoris·

137 3227 139 3232 ’
187 3200 278 3262 Parte
294 3201 389 3266 datur.
433 3198 507 3261 Fert
522 3219 594 3261 ecce
609 3197 710 3260 avidas
725 3197 754 3259 in
769 3197 857 3280 pinea
870 3195 992 3260 Turnus

186 3297 288 3378 Texta
302 3296 397 3361 faces:
421 3296 563 3380 ignesque
577 3296 692 3372 timent,
708 3294 812 3378 quibus
827 3294 907 3377 unda
921 3289 1067 3378 pepercit.
1148 3308 1155 3320 ·

227 3395 357 3480 Jamque
371 3395 481 3478 picem,
496 3406 526 3456 et
540 3413 634 3469 ceras,
649 3392 846 3477 alimentaque
861 3405 966 3455 caetera
980 3391 1106 3455 flamma

187 3493 335 3558 Mulciber
349 3492 462 3570 urebat,
477 3513 589 3576 perque
604 3489 696 3553 altum
712 3490 750 3552 ad
764 3490 885 3552 carbasa
898 3489 1011 3552 malum
1121 3491 1163 3554 25

186 3591 262 3666 Ibat,
278 3606 309 3655 et
323 3592 449 3655 incurvae
464 3589 615 3654 sumebant
629 3602 753 3652 transtra
767 3587 891 3650 carinae:
