2536 4252
178 439 241 502 124
492 444 840 496 METAMORPHOSEON

177 595 238 660 Sed
253 609 353 659 tamen
368 607 493 657 eventus
507 609 620 673 vestrae,
635 592 799 672 fortissime,
815 617 921 679 pugnae

177 692 255 767 Quis
270 692 344 757 suit?
367 691 482 756 Hector
496 694 555 756 abit
570 694 829 756 violatus'vulnere
850 695 940 756 nullo.

220 792 275 856 Me
289 792 439 869 miserum,
456 806 565 876 quanto
579 813 668 873 cogor
682 793 849 854 meminisse
865 792 965 855 dolore
1092 797 1158 857 ‘280

178 888 337 973 Temporis
352 890 428 967 illius
441 911 449 966 3
473 912 541 974 quo,
557 889 681 974 Grajhm
696 880 807 967 murus,
823 890 958 953 Achilles

178 986 357 1053 Procubuit!
380 986 447 1050 Nec
462 1008 510 1050 me
526 988 674 1070 lacrymae,
688 969 973 1065 luctusve,‘timorve

178 1083 358 1162 Tar'drirunt,
374 1085 442 1168 quin
458 1105 565 1167 corpus
579 1084 671 1147 humo
686 1085 811 1147 sublime
826 1083 975 1147 referrem.

179 1180 237 1245 His
253 1182 391 1260 humeris,
406 1181 462 1259 his,
477 1182 608 1265 inquam,
623 1181 753 1245 hinneris
768 1203 825 1264 ego
840 1203 948 1266 corpus
962 1182 1099 1261 Achillis,

180 1279 222 1342 Et
236 1280 322 1342 simul
338 1301 417 1341 arma
432 1279 503 1341 tuli:
528 1301 591 1364 quae
606 1302 684 1343 nuno
701 1301 818 1364 quoque
834 1279 908 1344 serre
923 1280 1034 1343 laboro.
1094 1283 1159 1345 285

181 1377 257 1439 Sunt
272 1377 355 1454 mihi,
371 1399 436 1461 quae
453 1377 568 1439 valeant
584 1377 613 1439 in
629 1377 697 1439 talia
712 1377 853 1461 pondera,
869 1378 963 1440 vires:

182 1471 238 1535 Est
252 1472 365 1534 animus
382 1485 492 1534 vestros
508 1474 589 1535 certe
605 1494 742 1534 sensurus
757 1472 894 1536 honores.

182 1569 304 1632 Scilicet
318 1568 426 1631 ideirco
440 1591 494 1652 pro
508 1584 598 1652 gnato
611 1555 717 1632 caerula
731 1583 826 1633 mater

183 1667 348 1731 Ambitiosa
361 1688 415 1730 suo
429 1667 493 1745 suit,
507 1683 540 1732 ut
555 1669 688 1731 coelestia
701 1667 789 1745 dona,

182 1764 266 1828 Artis
279 1785 355 1848 opus
369 1777 467 1842 tantae,
482 1764 561 1827 rudis
577 1780 607 1829 et
621 1765 684 1827 sine
699 1778 820 1848 pectore
841 1764 926 1828 miles
1097 1767 1162 1829 290

182 1863 344 1926 Indueret?
366 1883 463 1947 neque
478 1863 556 1925 enim
570 1863 670 1946 clypei
684 1862 836 1926 caelamina
851 1863 938 1941 nhrit,

146 2037 148 2041 ,
185 1960 352 2036 Oceanum,
368 1972 399 2022 et
413 1972 514 2036 terras,
529 1981 658 2044 cumque
672 1961 732 2023 alto
746 1960 842 2023 sidera
855 1960 944 2039 coslo,

184 2055 394 2140 Pleiadasque,
410 2054 604 2141 Hyadesque,
619 2056 839 2141 immunemque
855 2057 977 2141 equoris
992 2056 1118 2135 Arcton,
1133 2090 1138 2097 ·

186 2154 385 2238 Diversaeque
399 2154 696 2239 urbes,·nitidumque
712 2153 831 2218 Orionis
846 2175 961 2216 ensem.
1005 2207 1006 2210 ,

186 2251 321 2315 Postulat
335 2264 368 2314 ut
382 2252 489 2335 capiat,
505 2274 569 2336 qua
584 2274 643 2315 non
657 2252 802 2334 intelligit,
817 2273 908 2314 arma.
1098 2253 1163 2315 295

229 2347 335 2422 Quid?
357 2349 437 2433 quod
451 2370 511 2427 me,
527 2347 591 2412 duri
605 2347 767 2432 lugientem
781 2372 904 2414 munera
917 2350 999 2429 belli,

109 2443 118 2452 ’
188 2446 295 2529 Arguit
309 2447 428 2531 incepto
441 2469 540 2511 serum
554 2448 713 2511 accessisse
727 2448 842 2512 labori?

188 2542 256 2606 Nec
270 2566 302 2607 se
317 2539 504 2626 magnanimo
518 2545 695 2609 maledicere
710 2545 797 2609 sentit
817 2546 949 2610 Achilli?

189 2641 221 2703 Si
235 2641 387 2704 simulisse
403 2655 490 2705 vocat
503 2642 626 2721 crimen,
641 2643 842 2706 simulavimus
857 2644 956 2707 ambo.

189 2738 221 2801 Si
236 2760 320 2800 mora
334 2759 387 2820 pro
401 2738 492 2824 culpi
506 2752 569 2816 est;
591 2761 648 2823 ego
662 2762 727 2803 sum
741 2741 881 2805 maturior
894 2741 955 2805 illo.
1030 2745 1033 2750 ’
1101 2743 1168 2805 300

190 2834 245 2899 Me
260 2835 309 2919 pia
324 2834 447 2899 detinuit
460 2836 589 2922 conjux:
612 2837 661 2921 pia
674 2852 769 2901 mater
783 2839 941 2902 Achillen:

189 2932 350 3016 Primaque
364 2947 432 2996 sunt
446 2935 502 2998 illis
515 2935 585 2998 data
598 2948 742 3019 tempora,
757 2950 863 2999 catera
877 2938 970 3000 vobis.

191 3029 283 3092 Haud
297 3031 398 3108 timeo,
413 3031 437 3093 si
447 3031 509 3116 jam
524 3030 642 3115 nequeo
655 3032 814 3109 defendere
828 3035 940 3096 crimen

192 3127 273 3191 Cum
288 3140 369 3190 tanto
382 3149 540 3190 commune
557 3129 629 3191 viro.
674 3129 848 3213 Deprensus
863 3130 982 3214 Ulyssis

193 3225 315 3308 Ingenio
330 3239 428 3288 tamen
444 3218 514 3303 ille;
537 3240 567 3288 at
581 3250 640 3289 non
655 3227 767 3312 Ajacis,
782 3227 918 3312 Ulysses.
1105 3228 1170 3292 305

235 3323 323 3387 Neve
339 3324 367 3386 in
382 3345 431 3386 me
445 3325 556 3387 stolida
570 3326 700 3388 convicia
716 3323 838 3388 sundere
854 3325 960 3407 linguae

194 3422 384 3485 Admiremur
398 3443 485 3484 eum:
510 3423 591 3484 vobis
607 3423 826 3507 quoque-digna
843 3422 955 3505 pudore

195 3518 318 3605 Objioit.
365 3522 415 3583 An
430 3519 503 3582 salso
518 3519 699 3582 Palameden
714 3521 836 3582 crimine
850 3534 936 3603 turpe

200 3616 361 3680 Accusisse
376 3617 459 3695 milri,
474 3616 556 3678 vobis
572 3615 727 3677 damnasse
741 3616 881 3678 decorum
897 3618 965 3681 esti
