2536 4252
560 407 670 467 nmen
687 408 734 461 tv.
948 384 952 390 ’
1089 404 1131 468 51

195 560 334 624 Imminet
349 561 512 646 aequoribus
527 560 677 644 scopulus.
712 557 796 623 ‘Pars
811 558 870 624 ima
883 573 1006 624 cavatur
1068 564 1133 626 205

152 656 318 736 Fluctibus,
334 673 364 720 et
378 671 472 721 tectas
485 657 618 720 defendit
632 658 669 720 ab
683 658 823 720 imbribus
837 658 948 721 undas:

153 756 276 818 Summa
291 757 376 839 riget,
392 755 620 841 frontemque'in
636 770 771 840 apenum
786 756 906 840 porrigit
920 777 1029 841 equor.
1107 803 1110 810 ,

152 853 290 938 Occupat
305 855 384 917 hunc
401 854 492 941 (vires
507 854 619 917 insanie
633 852 758 940 feceret)
775 852 846 917 ino:
862 891 864 895 ·

152 951 251 1037 Seque
266 974 357 1037 super
369 967 504 1038 pontum,
519 953 601 1015 nullo
614 953 727 1016 tardata
741 952 857 1031 timore,

150 1047 256 1128 Mittit,
271 1072 404 1135 onusque
419 1072 517 1113 suum.
561 1050 708 1114 Pemussa
721 1051 874 1114 recanduit
888 1051 979 1115 unda.
1065 1052 1131 1115 210

192 1148 237 1210 At
252 1146 357 1211 Venus
373 1148 526 1212 immerite
535 1146 638 1232 'neptis
652 1149 790 1212 miserate
801 1148 928 1226 iabores,

150 1244 200 1308 Sic
216 1259 320 1329 patruo
334 1246 464 1309 blandita
476 1267 531 1309 suo
545 1260 607 1309 est:
631 1245 682 1308 ‘O
697 1267 808 1308 numen
823 1246 977 1330 equarum,

149 1339 293 1405 Proxima
307 1340 355 1405 cui
370 1341 448 1405 coelo
462 1343 561 1420 cessit,
577 1341 719 1426 Neptune
734 1355 866 1427 potestas
874 1364 884 1420 ;

150 1437 265 1521 Magna
278 1438 398 1524 quidem
412 1460 521 1523 posco:
544 1441 597 1503 sed
612 1453 645 1503 tu
659 1440 798 1503 miserere
811 1462 957 1519 meorum,

110 1531 113 1535 ’
150 1537 261 1601 Jactari
277 1559 350 1623 quos
364 1538 459 1601 cernis
473 1538 503 1601 in
518 1537 779 1608 Iooioimmenso:
1064 1541 1129 1604 215

151 1634 192 1699 Et
207 1635 252 1699 dis
267 1636 343 1700 adde
357 1635 425 1699 tuis.
443 1700 446 1705 ,
469 1636 581 1721 Aliqua
594 1649 625 1700 et
639 1636 711 1699 inihi
725 1636 818 1720 gretia
831 1650 924 1721 ponto
938 1651 1001 1702 est:

149 1731 183 1796 Si
197 1746 296 1797 tamen
311 1733 341 1797 in
355 1733 405 1797 dio
420 1734 567 1819 quondam
581 1747 721 1798 concrete
734 1733 891 1819 profundo,

148 1830 263 1917 Spuma
277 1830 329 1913 sui,
344 1831 529 1919 Graiumque
543 1846 645 1897 manet
659 1833 731 1897 mihi
745 1855 855 1898 nomen
869 1833 907 1900 ab
922 1832 997 1899 illu’

147 1929 263 1994 Adnuit
276 1931 371 1995 oranti
385 1928 563 2017 Neptunum
585 1945 616 1995 et
630 1932 748 1996 absulit
762 1933 829 2011 illis,

148 2026 240 2102 Quod
256 2030 378 2093 mortue
393 2024 464 2109 fuit}
486 2028 731 2115 majestatemque
746 2031 907 2095 verendam
1043 2045 1045 2050 '
1062 2033 1128 2097 220

146 2125 311 2212 imposuit3
332 2149 501 2214 nomenque
516 2128 602 2191 simul
617 2128 783 2212 faciemque
798 2129 937 2192 novavit:

146 2223 382 2310 Leucothoeque
398 2226 487 2288 deum
501 2247 572 2290 oum
585 2239 680 2290 matre
693 2224 865 2291 Palemona
878 2226 963 2292 dixit.
1024 2308 1026 2311 v

232 2479 360 2543 CAIJMUS
376 2479 419 2520 m
442 2478 614 2520 nemone
637 2479 672 2520 IN
690 2470 1038 2539 'sumnuuusuumu

576 2660 605 2702 v.
618 2640 691 2704 562.

145 2811 251 2877 Nescit
264 2810 450 2896 Agenon'des
465 2823 564 2874 notcm
578 2832 762 2898 parvumque
775 2796 936 2898 nepotem

145 2909 285 2995 AEquoris
299 2931 365 2974 esse
380 2910 462 2973 deos.
507 2909 608 2974 Luctu
621 2910 756 2994 sen'eque
770 2911 915 2978 malorum

146 3008 263 3088 Victus,
278 3020 309 3071 et
323 3008 455 3086 ostentis,
471 3029 536 3093 quc
550 3008 814 3093 plurimuviderat,
825 3009 889 3074 exit
901 3027 903 3034 ·
1058 3015 1122 3077 2⁴25

145 3104 291 3172 Conditor
305 3105 463 3184 urbesui13
484 3120 624 3191 tanquam
640 3105 755 3170 fortuna
768 3109 912 3188 locorum,

108 3280 111 3294 ἱ
145 3201 215 3268 Non
229 3225 329 3267 suase
343 3217 508 3288 premeret:
530 3204 683 3289 longisque
698 3206 839 3269 enetibus
854 3221 937 3272 actus

144 3302 279 3385 Contigit
292 3302 425 3386 Illyricos
440 3299 564 3385 profugi
577 3323 647 3365 oum
660 3302 786 3388 conjuge
802 3305 886 3368 fines

143 3399 272 3485 Jamque
286 3400 370 3464 malis
384 3401 525 3485 annisque
540 3421 654 3483 graves,
670 3401 741 3465 dum
757 3403 852 3486 prima
865 3415 1023 3468 retractent
1103 3461 1107 3469 ,

143 3497 222 3562 Fata
235 3497 351 3575 domus,
365 3498 558 3583 releguntque
572 3520 640 3562 suos
654 3520 790 3564 sermone
803 3500 937 3579 labores;
1057 3503 1121 3568 230
1187 3573 1190 3577 ⁴
1249 3534 1260 3551 .

146 3594 246 3661 ‘Num
261 3616 345 3660 sacer
357 3595 407 3660 ille
421 3596 491 3659 meti
504 3595 643 3684 trajectus
657 3597 780 3682 cuspide
794 3598 937 3682 serpens,’
