2536 4252
460 380 805 433 METAMORPHOSEON

434 693 442 710 ·
528 663 756 730 LtBERv..
848 584 869 636 .

315 883 457 927 effluens
480 885 523 926 m·
545 884 630 927 soon
653 884 688 925 IN
712 884 791 925 SAXA
815 882 949 925 nunant.

594 1068 624 1108 v.
642 1048 671 1107 1.

144 1215 287 1301 Dumque
302 1239 338 1284 ea
352 1215 534 1301 Cephenum
548 1216 647 1279 medio
661 1215 816 1278 Danielus
831 1215 918 1278 heros

143 1314 272 1396 Agmine
287 1329 500 1378 commemorat
509 1337 517 1392 ;
541 1314 656 1378 fremitu
672 1314 781 1397 regalia
796 1314 885 1377 turbae

143 1413 228 1475 Atria
242 1413 445 1496 complentur:
469 1434 525 1476 nec
539 1412 717 1497 conjugialia
729 1410 805 1478 festa

124 1548 126 1550 -
145 1507 208 1583 Qui
223 1525 320 1588 canat,
336 1526 380 1573 est
395 1510 522 1586 clamor3
544 1511 597 1573 sed
613 1509 740 1595 qui'lera
754 1510 875 1573 nunciet
889 1531 980 1573 arma.

42 1632 45 1636 ·
144 1605 238 1691 Inque
254 1609 422 1690 repentinos
437 1608 829 1671 conviviaversatumultus
1099 1609 1122 1673 5

143 1705 331 1769 Adsimulaie
347 1705 421 1769 lreto
437 1707 546 1791 possis:
571 1708 649 1792 quod
664 1729 742 1770 saeva
758 1708 891 1791 quietum

144 1802 311 1866 Ventorum
325 1805 418 1867 rabies
433 1806 520 1867 motis
535 1820 692 1888 exasperat
706 1805 803 1868 undis.

186 1901 303 1964 Primus
318 1903 347 1965 in
363 1904 408 1965 his
423 1902 566 1981 Phineus,
581 1904 649 1966 belli
665 1904 835 1967 temerarius
851 1915 963 1982 auctor,

144 1997 324 2062 Fraxineam
340 2001 472 2085 quatiens
488 2015 580 2063 aeratae
593 2002 723 2085 cuspidis
738 2002 870 2079 hastam3

143 2096 234 2174 ‘En,'
250 2097 300 2176 ait,
316 2105 372 2160 ‘en
388 2099 490 2161 adsum
506 2112 654 2182 praereptae
669 2098 802 2184 conjugis
817 2099 904 2162 ultor.
1079 2101 1121 2162 10

143 2191 210 2257 Nec
225 2196 294 2258 milri
311 2210 341 2258 te
357 2218 471 2280 pennae,
486 2218 543 2259 nec
559 2196 662 2259 salsum
680 2218 779 2258 versus
794 2197 824 2258 in
840 2217 944 2259 aurum

48 2279 59 2288 i
142 2291 270 2375 Jupiter,
284 2294 430 2377 eripient.'
476 2293 607 2357 Conanti
621 2295 736 2356 mittere
753 2293 908 2376 Cepheus,

143 2388 246 2462 ‘Quid
260 2391 329 2455 sacis
339 2393 369 2455 ?’
393 2392 557 2456 exclamat:
582 2398 664 2476 ‘quae
679 2405 721 2469 te,
736 2413 886 2474 germane,
902 2389 1047 2457 furentem

141 2485 231 2551 Mens
246 2490 304 2572 agit
319 2490 348 2553 in
363 2489 496 2554 lacinus?
541 2489 694 2552 Meritisne
710 2490 773 2552 haec
788 2489 880 2571 gratia
894 2488 982 2552 tantis
1046 2544 1049 2549 .
1214 2570 1219 2581 .

142 2575 309 2651 Redditur?
333 2590 389 2651 htc
406 2590 494 2652 vitam
510 2603 630 2652 servatae
646 2590 716 2651 dote
731 2588 890 2672 rependis?
980 2581 986 2593 ⁸
1079 2588 1120 2652 15
1182 2580 1185 2587 ’

76 2724 81 2733 -
142 2679 243 2757 Quam
260 2687 310 2748 tibi
326 2686 539 2762 non-Perseus,
555 2709 657 2748 verum
679 2687 702 2748 si
719 2687 831 2770 quaeris
846 2685 968 2763 ademit,

141 2781 203 2843 Sed
218 2804 307 2864 grave
324 2780 488 2845 Nereidum
504 2806 624 2860 numen,
641 2785 693 2846 sed
708 2784 842 2865 corniger
856 2783 1000 2860 Ammon,
1099 2811 1110 2822 -

142 2878 204 2940 Sed
220 2902 283 2963 quse
301 2880 458 2943 visceribus
473 2882 610 2944 veniebat
625 2882 722 2943 bellua
737 2873 829 2966 ponto

142 2975 349 3038 Exsaturanda
363 2979 446 3040 meis.
492 2979 547 3041 Illo
562 2980 612 3042 tibi
627 2993 759 3062 tempore
775 2993 858 3062 rapta
873 2992 928 3058 est,

142 3073 215 3147 Quo
231 3075 359 3158 peritura
372 3074 436 3137 suit.
482 3076 546 3141 Nisi
561 3078 595 3154 si,
610 3078 747 3155 crudelis,
763 3078 792 3139 id
808 3078 905 3160 ipsum
1012 3074 1013 3078 ¹
1076 3080 1119 3144 20

142 3171 256 3253 Exigis
272 3186 305 3234 ut
320 3187 439 3256 pereat:
462 3174 603 3258 luctuque
617 3175 753 3237 levabere
770 3189 879 3238 nostro.
900 3164 901 3167 ¹

142 3270 261 3333 Scilicet
276 3270 354 3332 haud
370 3271 438 3332 satis
454 3284 508 3348 est,
524 3271 613 3356 quod,
629 3287 658 3335 te
673 3287 837 3355 spectante,
852 3273 984 3337 revincta
998 3287 1043 3337 est
1052 3293 1061 3352 3
1113 3264 1120 3274 ’
1158 3344 1161 3352 ,

142 3367 183 3431 Et
197 3368 305 3430 nullam
324 3369 403 3452 qudd
418 3390 506 3452 opem
521 3367 641 3453 patruus
656 3392 818 3454 sponsusve
834 3371 944 3434 tulisti:

142 3463 275 3550 Insuper,
291 3487 308 3528 a
323 3488 472 3552 quoquam
487 3466 566 3558 quod
581 3469 618 3530 sit
632 3481 758 3547 servata,
773 3468 904 3548 dolebis;
