2536 4252
190 396 251 458 126
497 396 845 453 METAMORPHOSEON

187 553 233 616 lre
248 575 302 638 per
315 553 466 630 excubias,
481 567 558 616 etse
573 551 758 615 committere
772 551 872 614 nocti?

186 650 304 735 Perque
321 650 395 713 leros
410 671 506 728 enseS,
520 672 579 712 non
594 651 708 712 tantirm
724 648 834 711 moenia
848 648 974 726 Troum,

187 748 301 819 verum
315 751 404 811 etiarn
418 769 546 810 summas
562 769 644 810 arces
658 748 774 823 intrare,
789 746 902 831 suique

186 846 310 930 Eripere
325 847 387 909 ede
402 847 499 924 deam,
514 859 686 929 raptamque
701 845 805 907 efferre
820 866 875 928 per
887 844 1007 907 hostes?
1093 846 1158 909 345

185 943 263 1018 Quae
279 945 332 1008 nisi
343 944 488 1022 fecissem,
504 944 607 1006 frustra
620 943 786 1006 Telamone
800 955 915 1005 creatus

185 1041 339 1105 Gestdsset
354 1042 428 1104 laevri
438 1056 585 1104 taurorum
600 1055 714 1122 tergora
728 1054 862 1123 septem.-

148 1171 152 1179 ·
185 1138 240 1211 lllt
253 1156 340 1203 nocte
356 1140 427 1202 mihi
441 1138 539 1224 Trojae
555 1138 673 1200 victoria
688 1151 771 1220 parta
786 1151 847 1201 est:

184 1236 331 1319 Pergama
346 1251 409 1299 tum
425 1237 491 1313 vici,
506 1237 575 1298 crim
591 1236 666 1297 vinci
682 1234 769 1318 posse
780 1235 877 1316 coligi.

227 1334 340 1397 Desine
353 1334 494 1418 Tydiden
510 1335 651 1417 vultuque
666 1349 694 1395 et
711 1353 858 1394 murmure
880 1331 964 1408 nobis
1092 1334 1157 1396 350

184 1431 342 1495 Ostentare
357 1455 474 1494 meum:
497 1453 563 1515 pars
578 1447 622 1494 est
637 1453 690 1492 sua
705 1430 797 1492 laudis
812 1431 840 1492 in
856 1429 922 1492 illis.

184 1528 251 1592 Nec
266 1544 308 1606 tu,
322 1531 391 1592 cirrn
406 1529 486 1591 sociai
499 1531 638 1612 clypeum
656 1550 708 1611 pro
721 1529 815 1590 classe
830 1527 962 1603 tenebas,

162 1666 164 1670 =
183 1627 271 1689 Solus
286 1649 366 1690 eras:
390 1628 440 1689 tibi
457 1627 541 1689 turba
554 1647 665 1702 comes,
681 1626 752 1687 rrrilri
767 1625 889 1706 contigit
903 1645 989 1687 unus.

184 1724 257 1802 Qui,
273 1726 325 1788 nisi
341 1720 506 1809 pugnacem
522 1725 608 1787 sciret
622 1724 755 1806 sapiente
770 1724 913 1786 minorem

183 1821 270 1899 Esse,
285 1844 340 1884 nec
356 1822 500 1884 indomite
517 1823 616 1884 deberi
632 1821 749 1904 premia
763 1821 884 1896 dextrae,
1089 1822 1160 1885 355·

183 1918 251 2002 lpse
268 1941 385 2004 quoque
400 1920 462 1982 liaec
478 1933 608 2003 peteret:
632 1934 747 2003 peteret
760 1919 937 1981 moderatior
949 1916 1043 2002 Ajax,

184 2017 413 2102 Eurypylusque
429 2017 522 2094 ferox,
537 2018 674 2100 claroque
691 2017 882 2079 Andremone
897 2029 998 2079 uatus:

183 2113 249 2178 Nec
264 2116 359 2178 minirs
374 2115 560 2191 Idomeneus,
577 2114 726 2198 patriique
741 2127 856 2176 creatus
875 2112 981 2177 eidem

182 2213 348 2276 Meriones:
373 2228 486 2297 peteret
501 2212 615 2297 majoris
629 2212 717 2274 irater
730 2211 852 2274 Atridae.
987 2272 1006 2299 Δ

182 2309 306 2394 Quippe
322 2333 409 2372 manu
426 2310 513 2372 sortes
530 2309 601 2396 (uec
616 2315 683 2372 s'unt
699 2309 749 2371 tibi
765 2307 862 2370 Marte
884 2306 1021 2394 secundi)
1086 2309 1152 2373 360

181 2408 319 2471 Consiliis
334 2410 449 2471 cessere
464 2409 548 2470 meis
593 2408 661 2470 Tibi
679 2407 801 2469 dextera
816 2392 911 2469 hello*

181 2505 287 2583 Utilis3
310 2507 457 2589 ingenium
473 2522 528 2582 est,
544 2507 621 2590 quod
638 2520 707 2587 eget
722 2504 920 2585 moderamine
936 2503 1035 2569 nostri.

180 2604 230 2667 Tu
247 2606 322 2668 vires
337 2607 399 2667 sine
414 2620 512 2666 mente
527 2605 618 2686 geris:
643 2603 713 2665 milri
728 2623 798 2664 cura
812 2600 899 2664 suturi
913 2615 968 2664 est.

180 2703 229 2764 Tu
246 2725 374 2785 pugnare
391 2717 492 2785 potes:
516 2701 664 2784 pugnandi
678 2715 812 2782 tempora
827 2721 944 2763 mecum

182 2797 272 2878 Eligit
287 2797 425 2859 Atrides:
449 2811 480 2859 tu
497 2797 608 2858 tantum
622 2817 745 2878 corpore
761 2797 867 2879 prodes
876 2818 884 2873 ;
1085 2796 1150 2861 365

181 2893 208 2954 N
213 2917 244 2954 os
259 2894 373 2956 animo:
397 2910 563 2978 quantoque
579 2909 672 2956 ratem
688 2894 737 2978 qui
753 2907 907 2977 temperat,
922 2893 1013 2959 anteit

181 2989 314 3071 Remigis
329 2992 475 3068 officium3
498 3006 607 3075 quanto
623 2991 684 3053 dux
699 2991 790 3053 milite
805 2991 897 3076 major
906 3012 914 3067 ;

180 3087 278 3149 Tanto
294 3109 349 3166 ego
364 3102 393 3148 te
408 3109 525 3170 supem.
570 3087 637 3151 Nec
652 3111 710 3150 non
726 3090 755 3151 in
770 3111 893 3172 corpore
908 3103 1007 3153 nostro

180 3184 306 3247 Pectora
321 3198 388 3246 sunt
404 3185 514 3268 potiora
529 3207 634 3247 manu:
660 3186 740 3268 vigor
754 3186 848 3249 omnis
864 3187 892 3249 in
912 3187 977 3250 illis.

209 3283 265 3344 'At
280 3305 342 3360 vos,
358 3305 376 3346 o
391 3304 536 3367 proceres,
552 3283 630 3364 vigili
646 3284 713 3345 date
729 3285 847 3366 praemia
862 3299 977 3361 restr03
1084 3286 1150 3349 370

179 3379 298 3464 Proque
313 3394 357 3444 tot
372 3401 512 3443 annorum
527 3379 609 3456 curti,
626 3402 698 3463 quos
714 3382 819 3443 anxius
833 3382 892 3463 egi,

179 3474 270 3558 Hunc
284 3479 399 3541 titulum
413 3476 522 3539 meritis
537 3478 719 3560 pensandum
734 3478 847 3541 reddite
862 3479 977 3542 nostris.

179 3571 247 3635 Jam
261 3573 342 3636 labor
356 3575 383 3636 in
398 3574 456 3641 fine
470 3588 533 3638 est:
557 3575 703 3638 obstantia
717 3575 775 3639 sata
788 3577 919 3642 removi:
