2536 4252
553 395 675 476 'urnnn
696 425 718 476 1.

148 574 267 639 Pellicis
281 575 439 659 Argolicae,
454 576 648 662 stimulosque
663 578 692 641 iu
708 591 830 663 pectora
845 599 940 642 caecos

147 672 301 753 Condidit,
317 689 348 738 et
363 674 517 759 profugam
534 697 587 758 per
601 689 697 738 totum
712 677 816 740 terruit
829 677 943 741 orbem.
1010 725 1012 729 -

146 771 278 836 Ultimus
293 773 440 835 immenso
454 774 595 852 restabes,
611 773 692 853 Nile,
707 774 810 839 labori.

147 870 251 945 Quem
265 871 352 934 simul
367 894 403 935 ac
418 871 524 955 tetigit,
541 873 702 957 positisque
718 874 747 936 in
762 874 895 957 margine
911 874 982 959 ripae
1060 928 1066 933 .

147 968 311 1033 Procubuit
324 970 459 1053 genibus,
474 971 673 1056 resupinoque
688 972 781 1034 ardua
794 974 883 1051 collo,
1068 972 1132 1035 585

148 1066 236 1141 Quos
251 1067 357 1152 potuit,
372 1068 450 1131 solos
465 1069 572 1132 tollens
587 1069 736 1133 adsidere
752 1070 861 1149 vultus,

147 1164 189 1229 Et
203 1165 326 1248 gemitu,
342 1179 373 1228 et
387 1165 537 1251 lacrymis,
553 1180 584 1230 et
598 1168 744 1232 luctisono
758 1168 873 1251 mugitu

147 1263 229 1327 Cum
243 1263 322 1326 Jove
338 1264 400 1326 visa
414 1264 497 1349 queri
512 1279 568 1343 est,
583 1266 732 1350 finemque
747 1282 831 1328 orare
846 1265 1004 1329 mulorum.

148 1362 293 1448 Conjugis
307 1362 357 1426 illc
372 1384 430 1426 suae
446 1363 624 1447 complexus
638 1364 715 1427 colla
729 1364 857 1441 lacertis,

147 1460 248 1524 Finiat
261 1475 294 1524 ut
309 1447 415 1547 poenns
427 1461 559 1539 tandem,
574 1475 674 1544 rogat:
699 1459 812 1546 ‘lnque
827 1459 958 1527 futurum
1068 1460 1133 1526 590

147 1557 234 1622 Pone
249 1559 368 1638 metus,'
384 1559 488 1644 inquit,
504 1567 675 1644 ‘nunquam
690 1560 741 1624 tibi
756 1581 846 1624 causa
860 1559 968 1622 doloris

147 1654 224 1720 llaec
239 1656 293 1720 erit
303 1657 323 1720 :'
345 1671 377 1721 et
391 1657 511 1742 Stygias
521 1656 609 1743 jubet
624 1658 681 1721 hoc
696 1657 797 1721 audire
812 1657 948 1743 paludes.

148 1754 193 1818 Ut
207 1754 298 1818 lenita
313 1755 370 1818 dea
383 1769 438 1834 est,
454 1756 553 1819 vultus
567 1757 648 1840 capit
662 1756 712 1820 illa
726 1756 856 1840 priores:

148 1851 270 1937 Fitque,
286 1853 365 1939 quod
380 1854 449 1918 ante
465 1853 528 1918 suit.
573 1854 707 1938 Fugiunt
722 1876 739 1918 e
753 1875 879 1940 corpore
893 1868 981 1919 sete:

150 1950 273 2016 Cornua
288 1952 480 2016 decrescunt:
503 1953 536 2015 fit
550 1951 668 2016 luminis
682 1954 789 2018 arctior
802 1953 898 2017 orbis:
1069 1950 1133 2017 595

150 2049 345 2115 Contrahitur
358 2052 464 2115 rictus:
489 2051 614 2116 redeunt
629 2052 804 2138 humerique
819 2072 1002 2137 munusque:

150 2148 331 2234 Ungulaque
346 2150 376 2212 in
392 2149 497 2234 quinos
512 2149 625 2234 dilapsa
639 2151 804 2213 absumitur.
816 2171 941 2233 ungues.

151 2247 202 2310 De
216 2248 293 2310 bove
308 2248 349 2311 nil
364 2261 510 2332 superest,
525 2245 624 2310 sormae
639 2247 693 2310 nisi
708 2248 830 2325 candor,
845 2248 874 2311 in
890 2247 961 2311 ills:

151 2345 321 2428 Officioque
337 2345 448 2429 pedum
463 2346 598 2429 nymphe
613 2359 754 2408 contenta
768 2346 905 2423 duorum,

153 2443 301 2525 Erigitur:
325 2443 489 2525 metuitque
505 2442 585 2525 loqui
598 2463 607 2518 ;
630 2463 668 2503 nc
682 2463 764 2505 more
776 2441 913 2527 juvencae
1069 2442 1136 2508 600

154 2538 290 2622 Mugiat:
314 2553 345 2601 et
359 2538 461 2600 timide
478 2539 568 2600 verba
583 2538 747 2601 intermissa
760 2552 898 2601 retentat.

155 2630 315 2700 Nuno'den
329 2635 453 2717 linigera
466 2635 572 2699 colitur
585 2635 778 2700 celeberrima
791 2636 889 2700 turbu.
