2536 4252
150 408 215 473 128.
440 395 796 477 ‘Muramoaruosnou

190 567 313 651 Longus
327 567 357 631 in
372 582 528 651 angustum
544 567 603 652 quia
617 569 761 630 clauditur
776 567 1001 652 Hellespontus,

149 665 223 730 llion
238 668 379 744 ardebat3
401 689 499 751 neque
514 667 611 728 adhuc
626 666 800 729 consederat
815 667 908 748 ignis:
997 664 1010 699 ·’

149 764 361 850 Exiguumque
376 766 454 834 senis
469 765 578 828 Priami
594 764 678 828 Jovis
693 786 743 827 ara
756 785 891 826 cruorem

150 863 354 927 Combiberat.
398 863 540 927 Tractata
553 864 646 926 comis
661 863 789 927 antistita
804 862 914 926 Phoebi
1064 863 1128 926 405

149 959 220 1024 Non
235 962 414 1046 proiecturas
430 962 570 1026 tendebat
585 963 621 1025 ad
640 963 750 1026 aetbera
764 963 888 1046 palmas.
915 955 918 961 ’

150 1060 336 1124 Dardanidas
351 1075 459 1139 matres
474 1062 634 1145 patriorum
648 1062 731 1144 signa
745 1062 879 1138 deorum,

151 1161 235 1223 Dum
249 1160 329 1237 licet,
344 1159 508 1243 amplexas,
524 1182 724 1244 succensaque
739 1160 852 1243 templa
865 1171 1001 1222 tenentes
1068 1163 1070 1169 '

61 1274 67 1286 ·
150 1257 298 1320 Invidiosa
312 1258 432 1320 trahunt
446 1257 573 1320 victores
587 1259 706 1341 praemia
722 1257 815 1342 Graji.

151 1354 280 1418 Mittitur
293 1356 451 1440 Astyanax
466 1356 522 1418 illis
537 1355 574 1418 de
590 1356 726 1434 turribus,
742 1356 822 1418 unde
1066 1355 1131 1417 410

152 1455 340 1537 Pugnantem
355 1476 408 1539 pro
423 1477 466 1532 se,
481 1455 673 1539 proavitaque
687 1475 778 1537 regna
792 1467 937 1530 tuentem,

81 1563 82 1566 ’
152 1553 238 1636 Saepe
254 1553 354 1615 videre
371 1567 495 1636 patrem,
511 1566 703 1616 monstratum
719 1573 736 1615 a
757 1565 861 1628 matre,
876 1551 1001 1614 solebat.

152 1650 279 1735 Jamque
297 1651 372 1713 viam
389 1651 494 1713 suadet
507 1651 622 1713 Boreas
635 1673 643 1728 ;
666 1651 797 1734 flatuque
812 1644 944 1712 secundo

153 1747 286 1811 Carbasa
301 1761 381 1810 mota
396 1762 517 1811 sonant:
536 1748 623 1834 jubet
637 1749 679 1812 uti
694 1749 793 1811 navita
808 1747 914 1810 ventio.

154 1853 162 1882 ‘
171 1846 274 1930 Troja,
291 1847 377 1908 vale:
401 1847 550 1930 rapinrur,'
566 1848 712 1910 clamant:
736 1847 866 1931 dantque
881 1847 983 1909 oscula
996 1858 1080 1909 terrae
1159 1844 1162 1849 ’

153 1945 305 2010 Troades:
329 1960 359 2009 et
374 1948 473 2030 patriae
488 1946 630 2011 fumantia
643 1962 722 2011 tecta
737 1948 916 2034 relinquunt
1066 1947 1133 2011 416

153 2045 268 2108 Ultima
282 2045 453 2109 conscendit
467 2047 591 2109 classem
610 2047 790 2134 (miserabile
807 2045 885 2132 visu)
956 2055 958 2058 '
1035 2091 1039 2098 -

154 2143 188 2206 ln
205 2144 307 2207 mediis
322 2144 450 2208 Hecube
466 2147 736 2209 natorum'inventa
750 2145 904 2230 sepulcris,

155 2241 349 2306 Prensantem
364 2245 502 2321 tumulos,
517 2259 605 2329 atque
620 2246 731 2308 ossibus
747 2244 848 2309 oscula
862 2243 984 2306 dautem

143 2341 301 2403 ‹Dulichiae
317 2343 562 2404 traxeremanus.
606 2342 824 2404 Tamenunius
840 2342 947 2420 hausit,
1003 2376 1009 2388 =
1068 2342 1134 2405 420

155 2438 249 2523 Inque
265 2440 328 2502 sinu
343 2441 456 2503 cineres
471 2461 573 2503 secum
588 2440 653 2502 tulit
669 2439 807 2502 Hectoris
822 2441 953 2502 haustos.

156 2535 293 2600 Hectoris
309 2539 338 2601 in
353 2538 466 2601 tumulo
480 2559 587 2600 canum
603 2539 640 2600 de
656 2539 766 2602 vertice
781 2538 905 2615 crinem,

157 2634 277 2699 Inferias
292 2639 405 2718 inopes,
420 2637 531 2698 crinem
547 2638 774 2720 lachrymasque
788 2637 938 2720 relinquit.

199 2733 266 2810 Est,
281 2735 331 2822 ubi
346 2733 436 2817 Troja
452 2733 516 2811 suit,
532 2734 670 2817 Phrygiae
686 2736 830 2798 contraria
845 2736 944 2813 tellus,

157 2831 297 2894 Bistoniis
312 2832 440 2894 habitata
456 2832 533 2895 viris,
579 2827 791 2917 Polymestoris
807 2834 869 2896 illio
1070 2832 1136 2895 425

54 2921 57 2927 ’
157 2929 256 3010 Regia
271 2931 352 2992 dives
367 2943 439 3008 erat,
454 2931 503 2993 oui
518 2945 547 2994 te
563 2931 708 2994 commisit
723 2932 862 2994 alendum
913 2963 918 2973 ·

158 3026 259 3106 Clam,
275 3027 435 3110 Polydore,
451 3043 544 3110 pater,
556 3030 758 3114 *Phrygiisque
773 3030 900 3092 removit
914 3029 952 3091 ab
968 3027 1065 3090 aritio.

158 3129 323 3193 Consilium
338 3127 467 3210 sapiens,
482 3120 600 3192 sederis
615 3132 668 3193 nisi
684 3132 803 3214 praemia
817 3152 939 3213 magnas

113 3303 115 3306 Α
160 3227 327 3312 Adjecisset
341 3247 424 3308 opes
440 3228 528 3290 animi
545 3229 692 3291 irritamen
708 3229 798 3292 avari.
815 3296 818 3306 ¹

162 3325 202 3388 Ut
217 3325 322 3387 cecidit
337 3322 471 3387 Fortuna
486 3324 652 3410 Phrygum,
666 3327 746 3410 capit
760 3328 868 3411 impius
884 3349 987 3390 ensem
1074 3329 1137 3392 430

158 3423 231 3485 Rex
244 3422 407 3501 Thracum,
418 3422 580 3508 juguloque
595 3426 640 3487 sui
656 3425 756 3508 defigit
770 3427 896 3489 alumni:

160 3519 211 3598 Et,
227 3533 366 3604 tanquam
381 3521 443 3584 tolli
458 3543 527 3584 cum
541 3524 663 3606 corpore
679 3524 801 3588 crimina
815 3537 935 3609 possent

159 3617 340 3685 Exanimem
354 3641 372 3684 e
386 3620 509 3706 scopulo
523 3618 669 3707 subjectas
684 3623 763 3687 misit
777 3622 807 3686 in
821 3622 917 3687 undas
