2536 4252
200 388 243 452 oe
515 387 859 443 nasamonrrrosaon
889 382 906 411 ‘-

243 544 332 608 Talia
345 542 504 617 dicentem,
519 560 683 623 nervosque
700 538 737 599 ad
753 537 843 600 verba
856 549 1038 612 moventem,

202 641 378 722 Exsangues
392 639 503 701 flebant
517 638 630 700 animae.
675 634 705 698 N
706 657 743 720 ec
757 633 901 697 Tantalus
915 632 1025 694 undam

203 739 344 822 Captavit
359 736 508 820 relugam:
532 734 701 818 stupuitque
717 731 828 794 Ixionis
843 731 931 793 orbis.

204 836 271 901 Nec
285 835 421 919 carpsere
432 833 518 919 jecur
531 833 685 894 volucres:
709 830 848 913 urnisque
865 827 1006 890 vacarunt

203 933 342 997 Belides:
366 933 454 1016 inque
470 945 521 993 tuo
535 929 646 1005 sedisti,
661 928 801 1010 Sisyphe,
816 948 899 989 saxo.

204 1029 286 1092 Tum
302 1029 427 1113 primum
442 1027 578 1110 lacrymis
593 1026 734 1088 victarum
750 1025 879 1087 carmine
895 1023 974 1086 fama
988 1036 1033 1087 est
1134 1023 1178 1085 45

205 1126 406 1191 Eumenidum
420 1125 566 1188 maduisse
577 1144 684 1206 genas:
708 1143 764 1184 nee
779 1122 858 1204 regia
873 1113 983 1206 conjux

205 1225 338 1288 Sustinet
352 1222 456 1301 orantI,
470 1244 527 1284 nee
542 1222 590 1306 qui
606 1221 680 1303 regit
694 1220 764 1297 ima,
779 1241 905 1302 negare:

205 1321 436 1406 Eurydicenque
451 1332 568 1382 vocant.
613 1316 741 1381 Umbras
755 1332 818 1379 erat
832 1308 882 1381 illa
894 1329 1029 1380 recentes

204 1418 302 1482 Inter:
326 1432 356 1481 et
371 1417 487 1480 incessit
503 1437 591 1500 passu
605 1415 642 1477 de
657 1415 778 1478 vulnere
794 1414 886 1478 tardo.
926 1460 927 1465 η

206 1514 295 1578 Hane
309 1515 395 1577 simul
411 1527 442 1576 et
455 1514 553 1595 legem
568 1513 765 1595 Rhodopeius
780 1512 887 1596 accipit
901 1513 999 1590 heros,
1136 1511 1182 1574 50

206 1611 256 1676 Ne
272 1613 372 1675 flectat
387 1625 464 1673 retro
478 1632 531 1673 sua
545 1610 673 1700 Iuntina;
696 1610 791 1672 donec
806 1611 942 1673 Avernas

206 1709 322 1774 Exierit
337 1710 447 1772 valles:
470 1722 521 1772 aut
534 1708 611 1770 irrita
625 1708 701 1770 dona
717 1706 835 1771 lutura.-

250 1806 390 1889 Carpitur
404 1806 532 1869 acclivus
547 1827 601 1888 per
615 1821 697 1868 muta
711 1806 824 1868 silentia
839 1819 959 1882 trames,

207 1905 337 1981 Arduus,
352 1904 502 1979 obscurus,
517 1903 640 1985 caligine
656 1905 764 1967 densus
778 1903 883 1987 opaca.

207 2000 275 2064 Nec
291 2001 393 2085 procul
408 1998 687 2063 abluerunt-‘telluris
702 2001 832 2082 margine
847 2021 979 2063 summa.
1138 1999 1183 2061 55

208 2096 279 2176 Hic,
294 2120 332 2160 ne
349 2098 497 2175 deficeret,
513 2110 659 2176 metuens,
674 2098 836 2181 avidusque
853 2096 995 2174 videndi„
1076 2098 1078 2103 ’

207 2194 310 2258 Flexit
325 2217 425 2266 amans
440 2195 541 2257 oculos
550 2217 563 2256 z>
581 2209 612 2277 et
627 2196 759 2278 protinus
773 2195 823 2258 illa
837 2199 952 2278 relapsa
966 2207 1020 2257 est.

207 2291 393 2376 Brachioque
409 2292 573 2367 intendens,
590 2292 751 2375 prendique
766 2306 796 2354 et
811 2293 954 2375 prendere
969 2304 1096 2370 certans,
1200 2310 1204 2313 ·

208 2388 259 2452 Nil
273 2390 328 2453 nisi
341 2389 482 2452 cedentes
496 2382 599 2451 infelix
614 2389 713 2472 arripit
728 2410 823 2451 aurae.
998 2385 1004 2395 ’

207 2486 335 2570 Jamque
351 2487 456 2550 iterum
471 2486 598 2552 moriens
613 2508 672 2549 non
686 2500 731 2549 est
745 2487 783 2549 de
794 2485 920 2571 conjuge
936 2487 1096 2571 quidquam
1138 2487 1182 2550 60

208 2584 327 2659 Questa
340 2607 410 2647 suo:
435 2584 504 2668 quid
519 2584 597 2646 enim
613 2583 666 2645 nisi
681 2599 713 2646 se
723 2589 901 2667 ‘quereretur
915 2586 1063 2648 amatam?
1244 2575 1251 2588 ⁸

209 2682 446 2764 Supremumque
461 2681 538 2757 vale,
554 2680 633 2763 quod
643 2679 707 2763 jam
722 2682 773 2743 vix
788 2681 904 2743 auribus
918 2681 967 2744 ille

138 2799 140 2805 ’
208 2778 381 2860 Acciperet,
398 2776 489 2839 dixit:
512 2777 704 2860 revolutaque
719 2799 817 2840 rursus
832 2778 938 2841 eodem
954 2793 1009 2842 est.

252 2873 321 2937 Non
337 2873 420 2935 aliter
434 2873 546 2957 stupuit
557 2872 677 2954 gemini
691 2895 767 2936 nece
781 2874 913 2960 conjugis
928 2875 1081 2959 Orpheus,

210 2969 312 3044 Quam
327 2971 380 3032 tria
395 2972 444 3054 qui
458 2971 587 3047 timidus,
602 2971 701 3033 medio
712 2987 846 3055 portante
861 2988 991 3050 catenas,
1139 2974 1185 3036 65

210 3070 297 3134 Colla
312 3071 391 3132 canis
408 3071 495 3133 vidit:
520 3092 608 3154 quem
622 3093 681 3132 non
697 3093 788 3154 pavor
803 3074 871 3136 ante
883 3074 1011 3158 reliquit,

209 3166 312 3243 Quam
326 3181 427 3229 natura
442 3167 529 3249 prior,
541 3188 614 3228 saxo
627 3189 681 3249 per
694 3191 801 3252 corpus
815 3172 935 3235 oborto:

209 3265 332 3349 Quique
347 3264 375 3326 in
391 3285 422 3326 sc
438 3264 548 3326 crimen
562 3265 661 3341 traxit,
676 3266 827 3351 voluitque
842 3268 934 3331 videri

209 3363 322 3426 Olenos
338 3383 402 3424 esse
417 3383 543 3424 nocens:
567 3375 657 3445 tuque
673 3385 692 3425 o
706 3365 813 3428 confisa
827 3367 935 3446 figurae,

210 3459 316 3523 Infelix
330 3460 464 3535 Lethaea,
479 3473 553 3533 tuae3
571 3458 754 3542 junctissima
770 3463 918 3544 quondam
1139 3465 1185 3528 70

111 3551 114 3558 ’
210 3556 346 3633 Pectora,
361 3579 439 3619 nunc
453 3555 577 3643 lapides,
593 3579 666 3641 quos
681 3558 801 3647 humida
815 3560 938 3622 sustinet
953 3559 1017 3624 lde.
