<?xml version="1.0" encoding="UTF-8"?>
<!DOCTYPE html PUBLIC "-//W3C//DTD XHTML 1.0 Transitional//EN"
    "http://www.w3.org/TR/xhtml1/DTD/xhtml1-transitional.dtd">
<html xmlns="http://www.w3.org/1999/xhtml" xml:lang="en" lang="en">
 <head>
  <title>
</title>
<meta http-equiv="Content-Type" content="text/html;charset=utf-8" />
  <meta name='ocr-system' content='tesseract 3.04.00' />
  <meta name='ocr-capabilities' content='ocr_page ocr_carea ocr_par ocr_line ocrx_word'/>
</head>
<body>
  <div class='ocr_page' id='page_1' title='image "./excerptaexscrip02ovidgoog_0158.png"; bbox 0 0 2536 4252; ppageno 0'>
   <div class='ocr_carea' id='block_1_1' title="bbox 467 354 714 439">
    <p class='ocr_par' dir='ltr' id='par_1_1' title="bbox 467 354 714 439">
     <span class='ocr_line' id='line_1_1' title="bbox 467 354 714 439; baseline 0.004 -1"><span class='ocrx_word' id='word_1_1' title='bbox 467 354 472 364; x_wconf 68' lang='grc'>’</span> <span class='ocrx_word' id='word_1_2' title='bbox 523 389 632 439; x_wconf 73' lang='lat' dir='ltr'>crana</span> <span class='ocrx_word' id='word_1_3' title='bbox 653 388 714 439; x_wconf 87' lang='lat' dir='ltr'>xv.</span> 
     </span>
    </p>
   </div>
   <div class='ocr_carea' id='block_1_2' title="bbox 86 540 1110 3679">
    <p class='ocr_par' dir='ltr' id='par_1_2' title="bbox 132 540 850 625">
     <span class='ocr_line' id='line_1_2' title="bbox 132 540 850 625; baseline -0.003 -21"><span class='ocrx_word' id='word_1_4' title='bbox 132 540 173 605; x_wconf 83' lang='lat' dir='ltr'>Et</span> <span class='ocrx_word' id='word_1_5' title='bbox 187 542 271 625; x_wconf 92' lang='lat' dir='ltr'>lepus</span> <span class='ocrx_word' id='word_1_6' title='bbox 287 541 453 625; x_wconf 81' lang='lat' dir='ltr'>impavidus</span> <span class='ocrx_word' id='word_1_7' title='bbox 468 542 573 603; x_wconf 87' lang='lat' dir='ltr'>medirs</span> <span class='ocrx_word' id='word_1_8' title='bbox 589 541 696 603; x_wconf 86' lang='lat' dir='ltr'>erravit</span> <span class='ocrx_word' id='word_1_9' title='bbox 711 540 741 602; x_wconf 90' lang='lat' dir='ltr'>in</span> <span class='ocrx_word' id='word_1_10' title='bbox 757 540 850 622; x_wconf 86' lang='lat' dir='ltr'>agris:</span> 
     </span>
    </p>

    <p class='ocr_par' dir='ltr' id='par_1_3' title="bbox 86 639 1110 3180">
     <span class='ocr_line' id='line_1_3' title="bbox 86 639 893 724; baseline -0.001 -21"><span class='ocrx_word' id='word_1_11' title='bbox 86 669 88 672; x_wconf 48' lang='lat'><em>⁴</em></span> <span class='ocrx_word' id='word_1_12' title='bbox 131 639 197 703; x_wconf 89' lang='lat' dir='ltr'>Nec</span> <span class='ocrx_word' id='word_1_13' title='bbox 211 662 264 703; x_wconf 91' lang='lat' dir='ltr'>sua</span> <span class='ocrx_word' id='word_1_14' title='bbox 279 641 435 703; x_wconf 85' lang='lat' dir='ltr'><strong>credulitas</strong></span> <span class='ocrx_word' id='word_1_15' title='bbox 452 640 562 724; x_wconf 86' lang='lat' dir='ltr'><strong>piscem</strong></span> <span class='ocrx_word' id='word_1_16' title='bbox 579 639 773 722; x_wconf 83' lang='lat' dir='ltr'>suspenderat</span> <span class='ocrx_word' id='word_1_17' title='bbox 787 641 893 702; x_wconf 90' lang='lat' dir='ltr'>hamo:</span> 
     </span>
     <span class='ocr_line' id='line_1_4' title="bbox 131 737 955 822; baseline -0.002 -20"><span class='ocrx_word' id='word_1_18' title='bbox 131 737 248 802; x_wconf 88' lang='lat' dir='ltr'>Cuncta</span> <span class='ocrx_word' id='word_1_19' title='bbox 263 739 326 800; x_wconf 90' lang='lat' dir='ltr'>sine</span> <span class='ocrx_word' id='word_1_20' title='bbox 342 739 462 815; x_wconf 87' lang='lat' dir='ltr'>insidiis,</span> <span class='ocrx_word' id='word_1_21' title='bbox 476 738 647 822; x_wconf 84' lang='lat' dir='ltr'>nullamque</span> <span class='ocrx_word' id='word_1_22' title='bbox 663 737 795 800; x_wconf 87' lang='lat' dir='ltr'>timentia</span> <span class='ocrx_word' id='word_1_23' title='bbox 810 737 955 815; x_wconf 76' lang='lat' dir='ltr'>fraudem,</span> 
     </span>
     <span class='ocr_line' id='line_1_5' title="bbox 130 835 982 921; baseline 0 -23"><span class='ocrx_word' id='word_1_24' title='bbox 130 836 283 921; x_wconf 87' lang='lat' dir='ltr'>Plenaque</span> <span class='ocrx_word' id='word_1_25' title='bbox 300 836 380 920; x_wconf 85' lang='lat' dir='ltr'>pacis</span> <span class='ocrx_word' id='word_1_26' title='bbox 396 850 488 898; x_wconf 89' lang='lat' dir='ltr'>erant.</span> <span class='ocrx_word' id='word_1_27' title='bbox 535 835 699 919; x_wconf 89' lang='lat' dir='ltr'>Postquam</span> <span class='ocrx_word' id='word_1_28' title='bbox 713 857 773 897; x_wconf 92' lang='lat' dir='ltr'>non</span> <span class='ocrx_word' id='word_1_29' title='bbox 787 837 865 898; x_wconf 88' lang='lat' dir='ltr'>utilis</span> <span class='ocrx_word' id='word_1_30' title='bbox 880 850 982 899; x_wconf 89' lang='lat' dir='ltr'>auctor</span> 
     </span>
     <span class='ocr_line' id='line_1_6' title="bbox 131 932 1109 1020; baseline 0.004 -26"><span class='ocrx_word' id='word_1_31' title='bbox 131 934 266 998; x_wconf 89' lang='lat' dir='ltr'>Victibus</span> <span class='ocrx_word' id='word_1_32' title='bbox 281 935 395 1011; x_wconf 85' lang='lat' dir='ltr'>invidit,</span> <span class='ocrx_word' id='word_1_33' title='bbox 413 934 559 1020; x_wconf 81' lang='lat' dir='ltr'>(quisquis</span> <span class='ocrx_word' id='word_1_34' title='bbox 575 932 629 998; x_wconf 87' lang='lat' dir='ltr'>suit</span> <span class='ocrx_word' id='word_1_35' title='bbox 643 935 693 997; x_wconf 93' lang='lat' dir='ltr'>ille</span> <span class='ocrx_word' id='word_1_36' title='bbox 706 932 849 1020; x_wconf 83' lang='lat' dir='ltr'>virorum)</span> <span class='ocrx_word' id='word_1_37' title='bbox 1067 936 1109 998; x_wconf 76' lang='lat'>45</span> 
     </span>
     <span class='ocr_line' id='line_1_7' title="bbox 130 1031 932 1118; baseline 0.001 -23"><span class='ocrx_word' id='word_1_38' title='bbox 130 1031 357 1118; x_wconf 90' lang='lat' dir='ltr'>Corporeasque</span> <span class='ocrx_word' id='word_1_39' title='bbox 373 1033 464 1118; x_wconf 88' lang='lat' dir='ltr'>dapes</span> <span class='ocrx_word' id='word_1_40' title='bbox 479 1034 596 1097; x_wconf 87' lang='lat' dir='ltr'>avidam</span> <span class='ocrx_word' id='word_1_41' title='bbox 613 1034 754 1098; x_wconf 87' lang='lat' dir='ltr'>demersit</span> <span class='ocrx_word' id='word_1_42' title='bbox 768 1035 798 1098; x_wconf 93' lang='lat' dir='ltr'>in</span> <span class='ocrx_word' id='word_1_43' title='bbox 814 1035 914 1098; x_wconf 87' lang='lat' dir='ltr'>alvum</span> <span class='ocrx_word' id='word_1_44' title='bbox 922 1055 932 1110; x_wconf 79' lang='lat'>3</span> 
     </span>
     <span class='ocr_line' id='line_1_8' title="bbox 128 1131 872 1217; baseline 0.001 -23"><span class='ocrx_word' id='word_1_45' title='bbox 128 1131 216 1195; x_wconf 87' lang='lat' dir='ltr'>Fecit</span> <span class='ocrx_word' id='word_1_46' title='bbox 232 1134 286 1195; x_wconf 90' lang='lat' dir='ltr'>iter</span> <span class='ocrx_word' id='word_1_47' title='bbox 300 1132 421 1196; x_wconf 90' lang='lat' dir='ltr'>sceleri:</span> <span class='ocrx_word' id='word_1_48' title='bbox 445 1133 600 1217; x_wconf 75' lang='lat' dir='ltr'>primique</span> <span class='ocrx_word' id='word_1_49' title='bbox 616 1155 633 1195; x_wconf 92' lang='lat' dir='ltr'>e</span> <span class='ocrx_word' id='word_1_50' title='bbox 648 1134 730 1196; x_wconf 79' lang='lat' dir='ltr'>caede</span> <span class='ocrx_word' id='word_1_51' title='bbox 746 1134 872 1196; x_wconf 89' lang='lat' dir='ltr'>seramm</span> 
     </span>
     <span class='ocr_line' id='line_1_9' title="bbox 129 1229 915 1312; baseline 0 -20"><span class='ocrx_word' id='word_1_52' title='bbox 129 1229 290 1293; x_wconf 89' lang='lat' dir='ltr'>Incaluisse</span> <span class='ocrx_word' id='word_1_53' title='bbox 306 1245 409 1312; x_wconf 91' lang='lat' dir='ltr'>putem</span> <span class='ocrx_word' id='word_1_54' title='bbox 424 1231 605 1293; x_wconf 86' lang='lat' dir='ltr'>maculatum</span> <span class='ocrx_word' id='word_1_55' title='bbox 619 1232 762 1312; x_wconf 88' lang='lat' dir='ltr'>sanguiue</span> <span class='ocrx_word' id='word_1_56' title='bbox 779 1231 915 1293; x_wconf 87' lang='lat' dir='ltr'>sermm.-</span> 
     </span>
     <span class='ocr_line' id='line_1_10' title="bbox 129 1327 906 1412; baseline 0.001 -23"><span class='ocrx_word' id='word_1_57' title='bbox 129 1328 224 1412; x_wconf 92' lang='lat' dir='ltr'>quue</span> <span class='ocrx_word' id='word_1_58' title='bbox 239 1329 309 1390; x_wconf 91' lang='lat' dir='ltr'>satis</span> <span class='ocrx_word' id='word_1_59' title='bbox 325 1327 419 1389; x_wconf 84' lang='lat' dir='ltr'>suerat</span> <span class='ocrx_word' id='word_1_60' title='bbox 429 1341 441 1390; x_wconf 70' lang='lat'>:&#39;</span> <span class='ocrx_word' id='word_1_61' title='bbox 460 1343 651 1411; x_wconf 90' lang='lat' dir='ltr'>nostrumque</span> <span class='ocrx_word' id='word_1_62' title='bbox 666 1329 799 1411; x_wconf 88' lang='lat' dir='ltr'>petentia</span> <span class='ocrx_word' id='word_1_63' title='bbox 813 1329 906 1391; x_wconf 89' lang='lat' dir='ltr'>letum</span> 
     </span>
     <span class='ocr_line' id='line_1_11' title="bbox 130 1425 1110 1510; baseline 0.002 -22"><span class='ocrx_word' id='word_1_64' title='bbox 130 1425 265 1510; x_wconf 90' lang='lat' dir='ltr'>Corpora</span> <span class='ocrx_word' id='word_1_65' title='bbox 280 1426 369 1487; x_wconf 91' lang='lat' dir='ltr'>missa</span> <span class='ocrx_word' id='word_1_66' title='bbox 382 1425 460 1502; x_wconf 86' lang='lat' dir='ltr'>neci,</span> <span class='ocrx_word' id='word_1_67' title='bbox 474 1425 558 1487; x_wconf 74' lang='lat' dir='ltr'>salvi</span> <span class='ocrx_word' id='word_1_68' title='bbox 572 1426 693 1508; x_wconf 86' lang='lat' dir='ltr'>pietate,</span> <span class='ocrx_word' id='word_1_69' title='bbox 709 1425 852 1490; x_wconf 80' lang='lat' dir='ltr'>fatemur:</span> <span class='ocrx_word' id='word_1_70' title='bbox 959 1463 960 1466; x_wconf 16' lang='grc' dir='ltr'><strong>κ</strong></span> <span class='ocrx_word' id='word_1_71' title='bbox 1068 1429 1110 1490; x_wconf 86' lang='grc'>50</span> 
     </span>
     <span class='ocr_line' id='line_1_12' title="bbox 130 1523 958 1608; baseline 0 -21"><span class='ocrx_word' id='word_1_72' title='bbox 130 1524 192 1587; x_wconf 89' lang='lat' dir='ltr'>Sed</span> <span class='ocrx_word' id='word_1_73' title='bbox 208 1528 298 1608; x_wconf 74' lang='lat' dir='ltr'>quim</span> <span class='ocrx_word' id='word_1_74' title='bbox 313 1523 502 1600; x_wconf 79' lang='lat' dir='ltr'>dandonem,</span> <span class='ocrx_word' id='word_1_75' title='bbox 517 1538 578 1602; x_wconf 88' lang='lat' dir='ltr'>tam</span> <span class='ocrx_word' id='word_1_76' title='bbox 593 1546 652 1586; x_wconf 93' lang='lat' dir='ltr'>non</span> <span class='ocrx_word' id='word_1_77' title='bbox 667 1525 815 1608; x_wconf 87' lang='lat' dir='ltr'>epulanda</span> <span class='ocrx_word' id='word_1_78' title='bbox 830 1523 958 1588; x_wconf 89' lang='lat' dir='ltr'>suerunt.</span> 
     </span>
     <span class='ocr_line' id='line_1_13' title="bbox 129 1621 844 1707; baseline 0.003 -23"><span class='ocrx_word' id='word_1_79' title='bbox 129 1621 345 1704; x_wconf 69' lang='lat' dir='ltr'>Longissima</span> <span class='ocrx_word' id='word_1_80' title='bbox 360 1621 442 1684; x_wconf 86' lang='lat' dir='ltr'>nesas</span> <span class='ocrx_word' id='word_1_81' title='bbox 457 1622 544 1685; x_wconf 89' lang='lat' dir='ltr'>abiit:</span> <span class='ocrx_word' id='word_1_82' title='bbox 568 1636 599 1686; x_wconf 92' lang='lat' dir='ltr'>et</span> <span class='ocrx_word' id='word_1_83' title='bbox 614 1623 708 1706; x_wconf 87' lang='lat' dir='ltr'>prima</span> <span class='ocrx_word' id='word_1_84' title='bbox 723 1638 844 1707; x_wconf 90' lang='lat' dir='ltr'>putatur</span> 
     </span>
     <span class='ocr_line' id='line_1_14' title="bbox 129 1719 880 1806; baseline 0.004 -23"><span class='ocrx_word' id='word_1_85' title='bbox 129 1719 235 1784; x_wconf 85' lang='lat' dir='ltr'>Hostia</span> <span class='ocrx_word' id='word_1_86' title='bbox 250 1741 300 1783; x_wconf 91' lang='lat' dir='ltr'>sus</span> <span class='ocrx_word' id='word_1_87' title='bbox 315 1721 456 1783; x_wconf 88' lang='lat' dir='ltr'>meruisse</span> <span class='ocrx_word' id='word_1_88' title='bbox 471 1720 555 1799; x_wconf 91' lang='lat' dir='ltr'>mori,</span> <span class='ocrx_word' id='word_1_89' title='bbox 572 1723 640 1806; x_wconf 94' lang='lat' dir='ltr'>quia</span> <span class='ocrx_word' id='word_1_90' title='bbox 654 1722 767 1784; x_wconf 86' lang='lat' dir='ltr'>semina</span> <span class='ocrx_word' id='word_1_91' title='bbox 781 1723 880 1806; x_wconf 86' lang='lat' dir='ltr'>pando</span> 
     </span>
     <span class='ocr_line' id='line_1_15' title="bbox 129 1816 827 1905; baseline 0.003 -22"><span class='ocrx_word' id='word_1_92' title='bbox 129 1818 247 1883; x_wconf 86' lang='lat' dir='ltr'>Eruerit</span> <span class='ocrx_word' id='word_1_93' title='bbox 263 1834 366 1897; x_wconf 87' lang='lat' dir='ltr'>rostro,</span> <span class='ocrx_word' id='word_1_94' title='bbox 381 1817 527 1904; x_wconf 87' lang='lat' dir='ltr'>spemque</span> <span class='ocrx_word' id='word_1_95' title='bbox 542 1816 732 1905; x_wconf 80' lang='lat' dir='ltr'>interceperit</span> <span class='ocrx_word' id='word_1_96' title='bbox 748 1822 827 1885; x_wconf 92' lang='lat' dir='ltr'>anni.</span> 
     </span>
     <span class='ocr_line' id='line_1_16' title="bbox 128 1917 1108 2002; baseline 0.006 -22"><span class='ocrx_word' id='word_1_97' title='bbox 128 1917 199 1983; x_wconf 89' lang='lat' dir='ltr'>Vite</span> <span class='ocrx_word' id='word_1_98' title='bbox 215 1940 306 2002; x_wconf 89' lang='lat' dir='ltr'>caper</span> <span class='ocrx_word' id='word_1_99' title='bbox 319 1918 419 1981; x_wconf 71' lang='lat' dir='ltr'>morsi</span> <span class='ocrx_word' id='word_1_100' title='bbox 432 1919 547 1982; x_wconf 85' lang='lat' dir='ltr'>Bacchi</span> <span class='ocrx_word' id='word_1_101' title='bbox 561 1921 734 1984; x_wconf 85' lang='lat' dir='ltr'>mactandus</span> <span class='ocrx_word' id='word_1_102' title='bbox 749 1921 786 1984; x_wconf 93' lang='lat' dir='ltr'>ad</span> <span class='ocrx_word' id='word_1_103' title='bbox 802 1943 865 1984; x_wconf 89' lang='lat' dir='ltr'>aras</span> <span class='ocrx_word' id='word_1_104' title='bbox 1065 1923 1108 1986; x_wconf 78' lang='lat'>55</span> 
     </span>
     <span class='ocr_line' id='line_1_17' title="bbox 127 2016 848 2103; baseline 0.006 -24"><span class='ocrx_word' id='word_1_105' title='bbox 127 2016 255 2080; x_wconf 86' lang='lat' dir='ltr'>Ducitur</span> <span class='ocrx_word' id='word_1_106' title='bbox 270 2017 380 2080; x_wconf 90' lang='lat' dir='ltr'>ultoris.</span> <span class='ocrx_word' id='word_1_107' title='bbox 426 2016 538 2081; x_wconf 88' lang='lat' dir='ltr'>Nocuit</span> <span class='ocrx_word' id='word_1_108' title='bbox 552 2040 605 2081; x_wconf 90' lang='lat' dir='ltr'>sua</span> <span class='ocrx_word' id='word_1_109' title='bbox 619 2020 709 2103; x_wconf 89' lang='lat' dir='ltr'>culpa</span> <span class='ocrx_word' id='word_1_110' title='bbox 724 2020 848 2083; x_wconf 89' lang='lat' dir='ltr'>duobus.</span> 
     </span>
     <span class='ocr_line' id='line_1_18' title="bbox 128 2113 1088 2202; baseline -0.001 -25"><span class='ocrx_word' id='word_1_111' title='bbox 128 2113 211 2189; x_wconf 83' lang='lat' dir='ltr'>Quid</span> <span class='ocrx_word' id='word_1_112' title='bbox 226 2116 372 2178; x_wconf 91' lang='lat' dir='ltr'>meruistis</span> <span class='ocrx_word' id='word_1_113' title='bbox 386 2137 469 2192; x_wconf 80' lang='lat' dir='ltr'>oves,</span> <span class='ocrx_word' id='word_1_114' title='bbox 486 2116 636 2200; x_wconf 89' lang='lat' dir='ltr'>placidum</span> <span class='ocrx_word' id='word_1_115' title='bbox 652 2139 755 2200; x_wconf 92' lang='lat' dir='ltr'>pecus,</span> <span class='ocrx_word' id='word_1_116' title='bbox 770 2119 859 2202; x_wconf 90' lang='lat' dir='ltr'>inque</span> <span class='ocrx_word' id='word_1_117' title='bbox 875 2117 1001 2181; x_wconf 85' lang='lat' dir='ltr'>tuendos</span> <span class='ocrx_word' id='word_1_118' title='bbox 1085 2171 1088 2176; x_wconf 17' lang='grc' dir='ltr'><strong>Α</strong></span> 
     </span>
     <span class='ocr_line' id='line_1_19' title="bbox 127 2211 969 2299; baseline 0.005 -24"><span class='ocrx_word' id='word_1_119' title='bbox 127 2211 238 2294; x_wconf 81' lang='lat' dir='ltr'>Natum</span> <span class='ocrx_word' id='word_1_120' title='bbox 255 2214 401 2290; x_wconf 88' lang='lat' dir='ltr'>homines,</span> <span class='ocrx_word' id='word_1_121' title='bbox 416 2214 505 2297; x_wconf 89' lang='lat' dir='ltr'>pleno</span> <span class='ocrx_word' id='word_1_122' title='bbox 521 2232 584 2299; x_wconf 84' lang='lat' dir='ltr'>quae</span> <span class='ocrx_word' id='word_1_123' title='bbox 600 2213 679 2277; x_wconf 87' lang='lat' dir='ltr'>sertis</span> <span class='ocrx_word' id='word_1_124' title='bbox 694 2215 724 2277; x_wconf 93' lang='lat' dir='ltr'>in</span> <span class='ocrx_word' id='word_1_125' title='bbox 739 2215 831 2278; x_wconf 86' lang='lat' dir='ltr'>ubere</span> <span class='ocrx_word' id='word_1_126' title='bbox 845 2216 969 2279; x_wconf 83' lang='lat' dir='ltr'>nectari</span> 
     </span>
     <span class='ocr_line' id='line_1_20' title="bbox 127 2310 797 2396; baseline 0.003 -22"><span class='ocrx_word' id='word_1_127' title='bbox 127 2310 233 2375; x_wconf 90' lang='lat' dir='ltr'>Mollia</span> <span class='ocrx_word' id='word_1_128' title='bbox 248 2335 311 2396; x_wconf 74' lang='lat' dir='ltr'>quae</span> <span class='ocrx_word' id='word_1_129' title='bbox 327 2313 411 2375; x_wconf 89' lang='lat' dir='ltr'>nobis</span> <span class='ocrx_word' id='word_1_130' title='bbox 426 2326 538 2377; x_wconf 83' lang='lat' dir='ltr'>vestras</span> <span class='ocrx_word' id='word_1_131' title='bbox 554 2313 701 2376; x_wconf 90' lang='lat' dir='ltr'>velamina</span> <span class='ocrx_word' id='word_1_132' title='bbox 715 2314 797 2377; x_wconf 90' lang='lat' dir='ltr'>lanas</span> 
     </span>
     <span class='ocr_line' id='line_1_21' title="bbox 127 2410 1108 2495; baseline 0.004 -22"><span class='ocrx_word' id='word_1_133' title='bbox 127 2410 281 2487; x_wconf 68' lang='lat' dir='ltr'>Praebetis</span> <span class='ocrx_word' id='word_1_134' title='bbox 293 2411 416 2494; x_wconf 27' lang='lat' dir='ltr'>*vitisque</span> <span class='ocrx_word' id='word_1_135' title='bbox 432 2410 535 2491; x_wconf 83' lang='lat' dir='ltr'>magis,</span> <span class='ocrx_word' id='word_1_136' title='bbox 551 2413 640 2494; x_wconf 76' lang='lat' dir='ltr'>quim</span> <span class='ocrx_word' id='word_1_137' title='bbox 654 2426 750 2473; x_wconf 81' lang='lat' dir='ltr'>morte</span> <span class='ocrx_word' id='word_1_138' title='bbox 761 2411 882 2495; x_wconf 75' lang='lat' dir='ltr'>juvatis</span> <span class='ocrx_word' id='word_1_139' title='bbox 1064 2413 1108 2477; x_wconf 84' lang='lat'>60</span> 
     </span>
     <span class='ocr_line' id='line_1_22' title="bbox 127 2507 961 2593; baseline 0.002 -24"><span class='ocrx_word' id='word_1_140' title='bbox 127 2508 211 2581; x_wconf 85' lang='lat' dir='ltr'>Quid</span> <span class='ocrx_word' id='word_1_141' title='bbox 227 2508 363 2570; x_wconf 71' lang='lat' dir='ltr'>meruere</span> <span class='ocrx_word' id='word_1_142' title='bbox 379 2508 482 2582; x_wconf 92' lang='lat' dir='ltr'>boves,</span> <span class='ocrx_word' id='word_1_143' title='bbox 497 2507 604 2569; x_wconf 88' lang='lat' dir='ltr'>animal</span> <span class='ocrx_word' id='word_1_144' title='bbox 620 2507 684 2570; x_wconf 87' lang='lat' dir='ltr'>sine</span> <span class='ocrx_word' id='word_1_145' title='bbox 699 2507 801 2570; x_wconf 82' lang='lat' dir='ltr'>fraude</span> <span class='ocrx_word' id='word_1_146' title='bbox 817 2507 961 2593; x_wconf 81' lang='lat' dir='ltr'>dolisque,</span> 
     </span>
     <span class='ocr_line' id='line_1_23' title="bbox 126 2603 868 2687; baseline 0.005 -21"><span class='ocrx_word' id='word_1_147' title='bbox 126 2605 303 2682; x_wconf 88' lang='lat' dir='ltr'>Innocuum,</span> <span class='ocrx_word' id='word_1_148' title='bbox 319 2603 458 2687; x_wconf 85' lang='lat' dir='ltr'>simplex,</span> <span class='ocrx_word' id='word_1_149' title='bbox 473 2616 574 2666; x_wconf 90' lang='lat' dir='ltr'>uatum</span> <span class='ocrx_word' id='word_1_150' title='bbox 590 2605 716 2668; x_wconf 85' lang='lat' dir='ltr'>tolerare</span> <span class='ocrx_word' id='word_1_151' title='bbox 731 2606 868 2670; x_wconf 82' lang='lat' dir='ltr'>labores?</span> 
     </span>
     <span class='ocr_line' id='line_1_24' title="bbox 127 2700 967 2789; baseline 0.005 -24"><span class='ocrx_word' id='word_1_152' title='bbox 127 2700 289 2765; x_wconf 86' lang='lat' dir='ltr'>Immemor</span> <span class='ocrx_word' id='word_1_153' title='bbox 303 2716 348 2764; x_wconf 86' lang='lat' dir='ltr'>est</span> <span class='ocrx_word' id='word_1_154' title='bbox 363 2701 495 2780; x_wconf 86' lang='lat' dir='ltr'>demum,</span> <span class='ocrx_word' id='word_1_155' title='bbox 509 2721 567 2764; x_wconf 91' lang='lat' dir='ltr'>nec</span> <span class='ocrx_word' id='word_1_156' title='bbox 582 2703 697 2785; x_wconf 83' lang='lat' dir='ltr'>frugum</span> <span class='ocrx_word' id='word_1_157' title='bbox 712 2716 837 2768; x_wconf 86' lang='lat' dir='ltr'>munere</span> <span class='ocrx_word' id='word_1_158' title='bbox 851 2705 967 2789; x_wconf 84' lang='lat' dir='ltr'>dignus,</span> 
     </span>
     <span class='ocr_line' id='line_1_25' title="bbox 120 2800 888 2888; baseline 0.008 -25"><span class='ocrx_word' id='word_1_159' title='bbox 120 2800 190 2875; x_wconf 79' lang='lat' dir='ltr'>,Qui</span> <span class='ocrx_word' id='word_1_160' title='bbox 206 2802 302 2885; x_wconf 93' lang='lat' dir='ltr'>potuit</span> <span class='ocrx_word' id='word_1_161' title='bbox 316 2823 398 2863; x_wconf 90' lang='lat' dir='ltr'>curvr</span> <span class='ocrx_word' id='word_1_162' title='bbox 390 2800 535 2885; x_wconf 91' lang='lat' dir='ltr'>dempto</span> <span class='ocrx_word' id='word_1_163' title='bbox 548 2801 640 2864; x_wconf 80' lang='lat' dir='ltr'>modo</span> <span class='ocrx_word' id='word_1_164' title='bbox 654 2805 786 2888; x_wconf 90' lang='lat' dir='ltr'>pondere</span> <span class='ocrx_word' id='word_1_165' title='bbox 801 2806 888 2869; x_wconf 84' lang='lat' dir='ltr'>aratri</span> 
     </span>
     <span class='ocr_line' id='line_1_26' title="bbox 125 2896 1108 3010; baseline 0.01 -49"><span class='ocrx_word' id='word_1_166' title='bbox 125 2899 299 2962; x_wconf 92' lang='lat' dir='ltr'>Ruricolam</span> <span class='ocrx_word' id='word_1_167' title='bbox 314 2912 444 2962; x_wconf 90' lang='lat' dir='ltr'>mactare</span> <span class='ocrx_word' id='word_1_168' title='bbox 459 2912 564 2963; x_wconf 82' lang='lat' dir='ltr'>suum.</span> <span class='ocrx_word' id='word_1_169' title='bbox 564 2901 639 3010; x_wconf 94' lang='lat' dir='ltr'>qui</span> <span class='ocrx_word' id='word_1_170' title='bbox 653 2903 721 2965; x_wconf 88' lang='lat' dir='ltr'>trita</span> <span class='ocrx_word' id='word_1_171' title='bbox 735 2896 835 2967; x_wconf 83' lang='lat' dir='ltr'>labore</span> <span class='ocrx_word' id='word_1_172' title='bbox 1064 2906 1108 2971; x_wconf 78' lang='lat'>65</span> 
     </span>
     <span class='ocr_line' id='line_1_27' title="bbox 127 2997 873 3082; baseline 0.008 -22"><span class='ocrx_word' id='word_1_173' title='bbox 127 2998 189 3076; x_wconf 86' lang='lat' dir='ltr'>llla,</span> <span class='ocrx_word' id='word_1_174' title='bbox 206 2999 311 3082; x_wconf 92' lang='lat' dir='ltr'>quibus</span> <span class='ocrx_word' id='word_1_175' title='bbox 326 2998 413 3061; x_wconf 89' lang='lat' dir='ltr'>toties</span> <span class='ocrx_word' id='word_1_176' title='bbox 427 2997 533 3059; x_wconf 89' lang='lat' dir='ltr'>durum</span> <span class='ocrx_word' id='word_1_177' title='bbox 549 3012 744 3064; x_wconf 83' lang='lat' dir='ltr'>renovaverat</span> <span class='ocrx_word' id='word_1_178' title='bbox 758 3018 873 3081; x_wconf 84' lang='lat' dir='ltr'>arvum,</span> 
     </span>
     <span class='ocr_line' id='line_1_28' title="bbox 125 3096 832 3185; baseline 0.009 -27"><span class='ocrx_word' id='word_1_179' title='bbox 125 3096 187 3160; x_wconf 89' lang='lat' dir='ltr'>Tot</span> <span class='ocrx_word' id='word_1_180' title='bbox 203 3097 324 3185; x_wconf 88' lang='lat' dir='ltr'>dederat</span> <span class='ocrx_word' id='word_1_181' title='bbox 338 3117 461 3173; x_wconf 87' lang='lat' dir='ltr'>messes,</span> <span class='ocrx_word' id='word_1_182' title='bbox 477 3097 622 3180; x_wconf 86' lang='lat' dir='ltr'>percussit</span> <span class='ocrx_word' id='word_1_183' title='bbox 636 3099 713 3162; x_wconf 87' lang='lat' dir='ltr'>colla</span> <span class='ocrx_word' id='word_1_184' title='bbox 727 3103 832 3165; x_wconf 83' lang='lat' dir='ltr'>securi</span> 
     </span>
    </p>

    <p class='ocr_par' dir='ltr' id='par_1_4' title="bbox 167 3194 985 3284">
     <span class='ocr_line' id='line_1_29' title="bbox 167 3194 985 3284; baseline 0.01 -27"><span class='ocrx_word' id='word_1_185' title='bbox 167 3194 235 3258; x_wconf 88' lang='lat' dir='ltr'>Nec</span> <span class='ocrx_word' id='word_1_186' title='bbox 249 3195 318 3256; x_wconf 87' lang='lat' dir='ltr'>satis</span> <span class='ocrx_word' id='word_1_187' title='bbox 333 3208 388 3272; x_wconf 85' lang='lat' dir='ltr'>est,</span> <span class='ocrx_word' id='word_1_188' title='bbox 403 3194 484 3278; x_wconf 77' lang='lat' dir='ltr'>quod</span> <span class='ocrx_word' id='word_1_189' title='bbox 498 3197 557 3258; x_wconf 89' lang='lat' dir='ltr'>tale</span> <span class='ocrx_word' id='word_1_190' title='bbox 573 3196 656 3260; x_wconf 81' lang='lat' dir='ltr'>nesus</span> <span class='ocrx_word' id='word_1_191' title='bbox 672 3199 882 3264; x_wconf 86' lang='lat' dir='ltr'>committitur:</span> <span class='ocrx_word' id='word_1_192' title='bbox 906 3202 985 3284; x_wconf 81' lang='lat' dir='ltr'>ipsos</span> 
     </span>
    </p>

    <p class='ocr_par' dir='ltr' id='par_1_5' title="bbox 107 3287 906 3679">
     <span class='ocr_line' id='line_1_30' title="bbox 126 3287 889 3383; baseline 0.008 -27"><span class='ocrx_word' id='word_1_193' title='bbox 126 3295 304 3377; x_wconf 69' lang='lat' dir='ltr'>inscripsire</span> <span class='ocrx_word' id='word_1_194' title='bbox 320 3293 391 3354; x_wconf 87' lang='lat' dir='ltr'>deos</span> <span class='ocrx_word' id='word_1_195' title='bbox 406 3294 521 3370; x_wconf 91' lang='lat' dir='ltr'>sceleri,</span> <span class='ocrx_word' id='word_1_196' title='bbox 537 3316 708 3381; x_wconf 90' lang='lat' dir='ltr'>numenque</span> <span class='ocrx_word' id='word_1_197' title='bbox 727 3287 889 3383; x_wconf 85' lang='lat' dir='ltr'>supernum</span> 
     </span>
     <span class='ocr_line' id='line_1_31' title="bbox 125 3389 807 3480; baseline 0.007 -25"><span class='ocrx_word' id='word_1_198' title='bbox 125 3391 219 3456; x_wconf 84' lang='lat' dir='ltr'>Crede</span> <span class='ocrx_word' id='word_1_199' title='bbox 234 3389 378 3454; x_wconf 76' lang='lat' dir='ltr'>laboriferi</span> <span class='ocrx_word' id='word_1_200' title='bbox 395 3391 664 3475; x_wconf 85' lang='lat' dir='ltr'>creduntgaudere</span> <span class='ocrx_word' id='word_1_201' title='bbox 675 3394 807 3480; x_wconf 77' lang='lat' dir='ltr'>juvenci.</span> 
     </span>
     <span class='ocr_line' id='line_1_32' title="bbox 107 3490 891 3574; baseline 0.005 -22"><span class='ocrx_word' id='word_1_202' title='bbox 107 3519 111 3530; x_wconf 92' lang='lat'><em>·</em></span> <span class='ocrx_word' id='word_1_203' title='bbox 128 3490 257 3554; x_wconf 88' lang='lat' dir='ltr'>Victima</span> <span class='ocrx_word' id='word_1_204' title='bbox 271 3490 337 3551; x_wconf 90' lang='lat' dir='ltr'>labe</span> <span class='ocrx_word' id='word_1_205' title='bbox 354 3510 469 3567; x_wconf 89' lang='lat' dir='ltr'>carens,</span> <span class='ocrx_word' id='word_1_206' title='bbox 485 3504 515 3552; x_wconf 88' lang='lat' dir='ltr'>et</span> <span class='ocrx_word' id='word_1_207' title='bbox 530 3493 766 3574; x_wconf 77' lang='lat' dir='ltr'>prestantissima</span> <span class='ocrx_word' id='word_1_208' title='bbox 786 3493 891 3573; x_wconf 77' lang='lat' dir='ltr'>sormi,</span> 
     </span>
     <span class='ocr_line' id='line_1_33' title="bbox 126 3588 906 3679; baseline 0.005 -25"><span class='ocrx_word' id='word_1_209' title='bbox 126 3588 223 3679; x_wconf 80' lang='lat' dir='ltr'>(Nam</span> <span class='ocrx_word' id='word_1_210' title='bbox 238 3588 382 3674; x_wconf 89' lang='lat' dir='ltr'>placuisse</span> <span class='ocrx_word' id='word_1_211' title='bbox 398 3588 502 3674; x_wconf 87' lang='lat' dir='ltr'>nocet)</span> <span class='ocrx_word' id='word_1_212' title='bbox 520 3589 598 3654; x_wconf 86' lang='lat' dir='ltr'>vittis</span> <span class='ocrx_word' id='word_1_213' title='bbox 613 3593 762 3675; x_wconf 80' lang='lat' dir='ltr'>presignis</span> <span class='ocrx_word' id='word_1_214' title='bbox 777 3607 808 3657; x_wconf 90' lang='lat' dir='ltr'>et</span> <span class='ocrx_word' id='word_1_215' title='bbox 823 3612 906 3674; x_wconf 84' lang='lat' dir='ltr'>euro,</span> 
     </span>
    </p>
   </div>
   <div class='ocr_carea' id='block_1_3' title="bbox 0 0 1272 4252">
    <p class='ocr_par' dir='ltr' id='par_1_6' title="bbox 0 0 1272 4252">
     <span class='ocr_line' id='line_1_34' title="bbox 0 0 1272 4252; baseline 0 2"><span class='ocrx_word' id='word_1_216' title='bbox 0 0 1272 4252; x_wconf 95' lang='lat' dir='ltr'> </span> 
     </span>
    </p>
   </div>
  </div>
 </body>
</html>
