2536 4252
543 401 657 452 ulnus
667 400 714 450 x1.

490 667 492 673 ·
521 671 659 737 LIBER
681 671 741 760 xr,

576 889 687 934 urnis.

581 1073 611 1117 v.
628 1054 680 1116 89.

146 1233 235 1298 llunc
250 1235 372 1313 adsueta
385 1237 490 1300 cohors
505 1236 615 1319 Satyri,
629 1235 818 1319 Bacchoque
832 1234 1034 1319 frequentant:

145 1333 186 1395 At
202 1333 319 1396 Silenus
334 1335 427 1396 obest.
472 1334 664 1395 Titubantem
680 1330 821 1415 annisque
836 1354 977 1417 meroque

110 1465 114 1474 ·
145 1429 292 1492 Ruricolae
306 1433 416 1514 cepere
430 1429 585 1513 Phryges:
610 1430 799 1512 vinctumque
813 1429 928 1493 coronis

144 1527 195 1588 Ad
210 1549 311 1609 regem
326 1529 443 1589 traxere
458 1526 579 1589 Midan:
602 1527 649 1590 cui
664 1527 812 1588 Thracius
826 1525 968 1610 Orpheus

145 1623 234 1706 Orgia
251 1625 416 1702 tradiderat,
431 1647 500 1686 cum
516 1623 665 1708 Cecropio
680 1623 841 1707 Eumolpo.
1098 1625 1118 1690 5

145 1719 208 1794 Qui
223 1722 309 1784 simul
323 1723 442 1804 agnovit
456 1722 569 1784 socium
584 1722 781 1805 comitemque
797 1741 955 1799 sacromm,

145 1817 278 1902 Hospitis
293 1820 422 1882 adventu
437 1818 546 1882 festum
560 1820 711 1902 genialiter
725 1819 785 1901 egit

144 1914 206 1978 Per
218 1917 261 1979 bis
277 1918 406 2002 quinque
421 1917 496 1995 dies,
512 1931 542 1980 et
552 1917 670 2003 junctas
685 1918 786 1980 ordine
802 1930 915 1980 noctes.
1011 1964 1014 1968 »

80 2023 82 2028 ’
186 2013 227 2077 Et
237 2036 300 2100 Jam
314 2017 464 2078 stellarum
479 2016 603 2078 sublime
618 2019 756 2096 coegerat
770 2037 877 2096 agmen

144 2110 265 2175 Lucifer
277 2113 461 2190 undecimuS,
477 2113 580 2195 Lydos
594 2114 663 2174 cirin
678 2113 760 2173 laetus
775 2112 807 2196 in
821 2133 905 2193 agros
1079 2113 1119 2176 lo

52 2273 54 2275 ,
144 2209 216 2271 Rex
232 2209 330 2286 venit3
352 2222 382 2271 et
393 2208 497 2294 juveni
512 2209 646 2271 Silenum
660 2208 755 2271 reddit
775 2209 904 2271 alumno.

144 2306 225 2370 Huic
240 2307 313 2369 deus
327 2307 448 2390 optandi
463 2320 589 2389 gratum,
602 2306 654 2368 sed
671 2307 784 2383 inutile,
799 2304 870 2368 lecit

144 2403 278 2466 Muneris
293 2403 452 2481 arbitrium,
467 2403 599 2485 gaudens
613 2403 704 2464 altore
719 2416 850 2484 recepto.

144 2498 198 2562 Ille
214 2499 291 2560 male
307 2519 411 2560 usurus
425 2499 519 2575 donis,
531 2499 580 2576 ait,
597 2498 723 2575 ‘Effice‚
739 2499 881 2582 quidquid
907 2550 909 2555 .

145 2595 279 2679 Corpore
294 2595 455 2678 contigero,
471 2593 583 2658 sulvum
601 2609 728 2658 vertetur
742 2596 772 2658 in
787 2595 912 2659 aurum'
1079 2599 1120 2662 15

145 2693 260 2756 Adnuit
273 2693 398 2778 optatis:
421 2693 612 2778 nocituraque
626 2715 749 2756 munera
763 2689 849 2758 solvit

145 2790 235 2854 Liber
244 2813 252 2870 ;
275 2805 306 2854 at
319 2791 452 2869 indoluit,
468 2790 548 2876 qudd
562 2813 620 2854 non
635 2792 755 2855 meliora
771 2791 903 2876 petisset.
1000 2856 1002 2861 ,

185 2889 286 2953 Laetus
301 2889 379 2967 abit;
401 2890 569 2974 gaudetque
584 2889 663 2952 malo
677 2889 898 2972 Berecyntlrius
913 2890 1018 2953 beros:

143 2987 371 3071 Pollicitamque
386 2988 473 3050 fidem
490 2986 638 3070 tangendo
652 2987 766 3069 singula
779 3000 883 3051 tentat.

144 3085 265 3170 Vixque
280 3086 332 3148 sibi
348 3085 481 3163 credens,
497 3108 555 3148 non
571 3084 631 3148 alte
644 3084 747 3148 lmnde
763 3086 906 3148 virentem
1076 3086 1120 3149 2⁰

143 3183 215 3246 llice
231 3183 369 3274 detraxit
373 3182 501 3264 virgam:
525 3184 606 3264 virga
621 3204 709 3246 aurea
726 3182 802 3246 laeto
816 3198 871 3246 est.
1166 3172 1168 3178 Α

122 3357 126 3362 ¹
144 3281 235 3343 Tollit
251 3281 342 3342 humo
356 3300 479 3342 saxum:
502 3301 607 3342 saxum
622 3301 740 3364 quoque
757 3281 858 3364 palluit
872 3302 954 3344 auro.

144 3379 278 3462 Contigit
293 3394 323 3441 et
337 3379 472 3460 glebam:
495 3393 632 3462 contactu
648 3379 734 3461 gleba
748 3379 861 3463 potenti

144 3477 245 3540 Massa
260 3479 301 3538 fir.
347 3477 475 3540 Arentes
491 3477 611 3539 Cereris
626 3477 774 3560 decerpsit
789 3477 909 3545 aristes:

148 3577 246 3639 Aurea
259 3575 363 3638 messis
377 3589 450 3638 erat.
494 3573 662 3658 Demptum
676 3589 759 3638 tenet
773 3575 875 3637 arbore
891 3593 1031 3656 pomum:
1075 3575 1118 3640 25

357 3673 405 3736 9*
867 3669 876 3681 ⁴
904 3672 913 3684 ’
1049 3674 1068 3701 ““
1086 3674 1105 3702 ‘⁴

1110 2457 1125 2491 Ι
