2536 4252
384 364 387 371 ’
482 399 833 451 nurnnonruosnon

355 718 357 722 .
396 682 528 726 DAPHNE
552 683 587 725 m
609 681 742 725 LAURUM
762 681 903 725 rutrum.

586 879 618 923 v.
640 859 714 921 452.

160 1042 276 1107 Primus
291 1062 373 1104 amor
386 1040 497 1106 Phoebi
511 1036 643 1125 Daphne
657 1039 790 1118 Peneia;
813 1062 902 1126 quem
917 1063 977 1105 non
1073 1045 1138 1107 430

159 1141 234 1204 Fors
249 1140 347 1224 ignara
362 1139 454 1218 dedit,
469 1139 522 1203 sed
537 1160 615 1202 saeva
629 1137 786 1222 Cupidinis
801 1139 853 1202 ira.

159 1239 265 1303 Delius
281 1239 360 1302 huno
374 1258 480 1322 nuper,
496 1238 575 1301 victe
589 1252 727 1322 serpente
742 1238 897 1322 superbus,

160 1334 282 1400 Viderat
297 1336 426 1400 adducto
441 1336 613 1400 flectentem
627 1357 738 1400 cornua
752 1357 862 1399 nervo:

50 1489 54 1498 .
158 1435 323 1520 ‘Quidque
338 1436 401 1514 tibi,
415 1437 524 1512 lascive
540 1457 624 1519 puer,
638 1457 708 1498 cum
724 1433 844 1498 sonibus
859 1434 946 1498 armis
955 1434 977 1498 ?'

158 1533 302 1625 Dixerat3
326 1534 400 1597 ‘ista
415 1535 523 1596 decent
537 1534 676 1596 humeros
690 1533 853 1615 gestamina
866 1546 1000 1610 nostros3
1072 1536 1136 1597 435

158 1630 222 1705 Qui
239 1632 307 1694 dare
322 1646 403 1695 certa
419 1630 497 1709 serae,
513 1631 582 1694 dare
598 1631 720 1694 vulnera
734 1653 889 1715 possumus
904 1631 991 1694 hosti.

51 1792 57 1799 ,
158 1727 222 1804 Qui
236 1730 337 1808 modo,
352 1729 491 1814 pestifero
505 1742 550 1792 tot
559 1728 665 1814 jugera
680 1743 782 1792 ventre
797 1744 992 1814 prementem,

158 1827 320 1891 Stravimus
335 1827 504 1905 innumeris,
519 1827 664 1891 tumidum
679 1826 831 1912 Pythona,
845 1828 978 1911 sagittis?
1052 1858 1054 1863 ·

100 1974 102 1980 a
157 1925 252 1990 Filius
267 1926 337 1990 huie
354 1925 500 2005 Veneris3
522 1925 632 2010 ‘Figat
647 1938 716 1990 tuus
730 1927 839 2005 omnia,
854 1927 991 2005 Phoebe3

157 2024 205 2087 Te
222 2047 306 2088 meus
321 2025 426 2103 arous,'
443 2026 483 2089 ait
492 2046 502 2104 ;
524 2026 714 2110 ‘quantoque
731 2025 867 2089 animalia
879 2026 991 2090 cedunt

157 2122 277 2187 Cuncta
291 2123 354 2201 tibi,
370 2123 452 2187 tanto
465 2122 561 2188 minor
574 2136 619 2187 est
633 2136 685 2188 tua
700 2124 792 2207 gloria
805 2122 927 2187 nostris.²
1070 2125 1131 2188 441

200 2222 307 2286 Dixit:
330 2232 361 2286 et
375 2223 448 2286 eliso
463 2222 609 2307 percussis
623 2225 693 2285 aere
708 2222 813 2306 pennis

139 2400 145 2410 Ι
158 2319 287 2404 Impiger
300 2320 440 2385 umbrosi
453 2320 592 2384 Parnassi
605 2319 735 2385 constitit
750 2339 816 2384 aree
829 2341 836 2383 :

157 2417 244 2504 Eque
259 2418 419 2502 sagittiferi
433 2418 575 2505 prompsit
591 2418 651 2483 duo
665 2419 723 2483 tela
739 2418 879 2504 pharetrai
1067 2495 1072 2501 .

157 2517 350 2582 Diversorum
362 2540 496 2603 operum.
542 2516 642 2602 Fugat
657 2520 725 2596 hoo,
740 2516 810 2582 facit
824 2517 895 2581 illud
911 2539 1054 2581 amorem.

156 2615 250 2690 Quod
264 2616 344 2695 facit,
360 2631 493 2680 auratum
509 2627 564 2693 est,
580 2631 610 2679 ot
624 2616 747 2700 cuspide
763 2615 855 2700 fulget
870 2616 975 2680 acuti:
1011 2632 1016 2644 ‘
1068 2617 1133 2681 446

156 2713 248 2788 Quod
264 2713 355 2798 sugat,
366 2715 503 2778 obtusum
519 2726 575 2790 est,
590 2726 621 2776 et
634 2714 725 2777 habet
738 2714 794 2776 sub
808 2715 951 2779 arundine
966 2715 1131 2801 plumbum.

156 2799 224 2876 lloo
240 2812 313 2875 deus
328 2811 357 2875 in
372 2810 510 2896 nymphia
523 2808 659 2873 Peneide
678 2809 761 2888 fixit3
783 2824 813 2874 at
828 2812 878 2875 illo

155 2909 245 2974 Lusit
260 2909 434 2994 Apollineus
449 2906 571 2994 trajecta
586 2928 640 2992 por
652 2928 718 2972 ossa
733 2909 887 2974 medullas.

155 3008 295 3073 Protinus
309 3009 383 3071 alter
398 3020 477 3070 amat
489 3029 498 3085 3
520 3005 594 3090 fugit
608 3008 700 3071 altera
713 3023 823 3073 nomen
838 3011 974 3090 amantia,
1067 3011 1133 3076 450

156 3107 303 3171 Silvarum
316 3106 445 3184 latebris
461 3098 704 3193 captiuammqua
719 3107 847 3171 serarum

156 3203 282 3268 Exuviis
298 3204 440 3287 gaudens,
455 3205 645 3290 innuptaque
661 3206 767 3269 aemula
780 3204 923 3270 Phoebes.

157 3301 240 3366 Vitta
253 3302 411 3366 coercebat
425 3304 535 3387 positos
550 3305 613 3367 sine
628 3305 695 3388 lege
709 3304 843 3388 capillos.

156 3400 209 3464 llla
224 3399 307 3483 frigit,
323 3422 420 3485 neque
436 3402 472 3465 ad
488 3402 551 3466 haec
565 3404 731 3466 revocantis
746 3403 836 3467 verba
848 3404 965 3467 resistit.

156 3507 163 3536 ‘
177 3498 331 3584 Nympha,
347 3521 460 3583 precor,
477 3499 583 3580 Penei,
597 3523 703 3565 mane:
726 3523 785 3563 non
800 3500 937 3586 insequor
949 3502 1051 3565 hostis.

155 3596 309 3680 Nympha,
323 3620 422 3662 mane.
460 3599 510 3663 Sio
525 3621 601 3683 agna
614 3587 729 3684 lupum,
744 3599 786 3662 sic
797 3620 887 3662 cerva
900 3599 1029 3681 leonem,
1065 3601 1130 3665 456

154 3694 204 3758 Sic
221 3696 347 3780 aquilam
363 3696 462 3782 penne
476 3696 590 3782 fugiunt
605 3697 771 3783 trepidante
785 3697 947 3780 columbae3
