2536 4252
146 379 187 440 54
360 458 363 465 ,
463 382 809 434 Mutantourrtosuon

148 535 309 613 llloenious,
323 548 355 598 et
371 547 454 597 uasto
469 533 592 596 dederat
605 532 750 596 servanda
763 532 901 597 draconi:
1059 537 1129 601 290

147 634 338 717 dicebatque
349 633 408 695 suis
423 646 561 694 externos
577 632 681 694 finibus
695 652 810 694 omnes.

147 729 226 793 Huic
242 752 370 815 quoque,
386 729 493 792 ‘Vade
508 729 622 813 procul,
637 727 778 811 nelonge
793 728 884 811 gloria
898 750 1007 808 return,

146 818 231 902 Quas
246 828 397 905 mentiris,'
413 829 463 904 ait,
479 834 487 864 ‘
496 827 584 909 longe
599 826 650 890 tibi
665 825 784 910 Jupiter
797 827 894 890 absit.'

150 925 277 1011 Vimque
292 926 378 988 ruinis
393 925 489 987 addit:
513 923 679 1008 foribusque
695 923 847 1007 expellere
862 938 957 987 tentat

146 1023 357 1100 Cunctantem,
372 1039 403 1086 et
417 1023 539 1107 placidis
553 1023 727 1085 miscentem
741 1022 827 1086 sortia
842 1022 936 1086 dictis.
1059 1024 1127 1087 295

103 1109 107 1116 ’
147 1119 265 1183 Viribus
280 1120 408 1198 inferior,
426 1120 505 1206 (quis
519 1120 598 1183 enim
613 1141 666 1204 par
678 1134 757 1183 esset
772 1121 887 1184 Atlanti

148 1218 265 1282 Viribus
274 1219 302 1307 i)
320 1221 382 1282 ‘At
396 1219 534 1304 quoniam
548 1218 630 1303 parvi
644 1217 695 1281 tibi
710 1219 801 1300 gratia
814 1234 913 1282 nostra
929 1230 993 1296 est3

147 1318 260 1402 Accipe
275 1318 402 1396 munus,'
419 1318 477 1393 ait;
497 1317 630 1400 laurique
645 1338 663 1379 a
678 1331 761 1400 parte
776 1315 912 1380 Medusa

146 1414 213 1499 ipse
228 1430 408 1478 retroversus
422 1415 598 1499 squallentia
613 1415 741 1498 prodidit
754 1435 817 1477 ora.

145 1512 284 1586 Quantus
300 1529 372 1590 erat,
387 1535 471 1575 mons
487 1512 579 1575 sactus
594 1513 691 1575 Atlas.
735 1512 804 1575 Jam
818 1511 909 1574 barba
922 1531 1075 1595 comaeque

148 1609 180 1672 ln
196 1610 283 1672 silvas
298 1611 424 1672 abeunt:
444 1609 516 1693 juga
530 1627 597 1672 sunt
612 1610 786 1694 humerique
798 1629 972 1693 manusque.
1058 1611 1124 1673 301

145 1707 239 1780 Quod
253 1722 343 1791 caput
358 1708 426 1770 ante
442 1707 506 1784 suit,
520 1729 637 1770 summo
652 1721 697 1770 est
712 1709 738 1771 in
754 1722 855 1771 monte
869 1728 1025 1770 cacumen.

145 1804 223 1868 Ossa
238 1806 311 1889 lapis
325 1807 408 1868 fiunt.
453 1805 535 1868 Tum
550 1821 649 1890 partes
663 1820 767 1869 auctus
782 1806 811 1869 in
824 1827 930 1870 ornnes

145 1901 251 1966 Crevit
266 1904 294 1966 in
310 1904 497 1980 immensum,
515 1903 571 1988 (sic
586 1903 616 1966 di
631 1902 786 1990 statuistis)
803 1919 833 1967 et
849 1925 938 1987 omne

146 1999 226 2063 Cum
241 2015 285 2064 tot
299 2002 440 2064 sideribus
455 2002 564 2064 coelum
579 2002 724 2086 requievit
739 2003 767 2065 in
783 2002 844 2065 illo.
1057 2001 1126 2066 805

335 2257 475 2298 PERSEOS
499 2256 541 2297 ΕΤ
563 2256 770 2298 ANDROMEDAE
792 2257 932 2299 nurum.

572 2440 603 2481 v.
619 2421 693 2481 662.

185 2591 342 2655 Clauserat
357 2590 544 2674 Hippotades
559 2604 667 2654 aetemo
680 2612 799 2653 carcere
815 2605 935 2655 ventos:
951 2670 952 2674 Ἰ

143 2689 380 2771 Admonitorque
395 2710 519 2771 operum
534 2689 612 2751 ooelo
626 2688 802 2751 clarissimus
817 2689 877 2753 alto

144 2785 265 2848 Lucifer
280 2800 360 2848 ortus
375 2798 447 2847 erat.
493 2784 603 2848 Pennis
619 2787 687 2868 ligat
703 2787 752 2849 ille
767 2786 924 2871 resumptis

144 2883 233 2946 Parte
250 2884 286 2946 ab
302 2885 426 2968 utraque
443 2884 552 2968 pedes;
576 2885 693 2968 teloque
709 2884 873 2966 adcingitur
887 2905 982 2948 unco:

144 2981 185 3043 Et
199 2982 342 3065 liquidum
357 2983 443 3045 motis
459 2983 593 3045 talaribus
608 2986 676 3045 aira
690 2983 785 3046 findit.
816 3064 820 3071 Ι
1057 2982 1124 3046 31⁰

144 3078 290 3142 Gentibus
306 3081 465 3142 innumeris
479 3081 649 3163 circumque
665 3079 797 3164 insrrique
812 3079 932 3157 relictiS,

145 3178 320 3262 AEtlriopum
337 3179 472 3261 populoS,
488 3177 627 3260 Cepheia
640 3179 784 3261 conspicit
800 3200 880 3279 prva.

186 3275 250 3346 Illic
266 3275 440 3338 immeritam
455 3290 592 3338 matema
609 3276 739 3360 pendere
754 3277 864 3359 linguae
898 3330 904 3348 q

115 3400 121 3412 ·
145 3374 355 3437 Andromedan
371 3394 475 3456 poenas
490 3374 608 3436 immitis
620 3374 747 3458 jusserat
762 3376 905 3437 Ammon.

143 3472 245 3544 Quam
259 3472 347 3535 simul
361 3471 398 3534 ad
415 3471 500 3533 duras
515 3471 666 3553 religatam
682 3472 801 3535 brachia
814 3485 917 3535 cautes
1055 3470 1123 3535 315

144 3567 227 3633 Vidit
242 3570 444 3648 Abantiades;
467 3570 517 3649 ait,
533 3569 581 3633 ‘O
597 3592 655 3632 non
671 3570 760 3653 digna
772 3570 896 3650 catenis,
