2536 4252
187 403 249 466 166
585 411 781 463 emoreris.

185 558 245 624 Ibis
259 561 423 646 Cecropios
437 577 549 646 portus,
564 563 717 647 patriique
731 574 871 646 receptus
1102 561 1168 622 125

189 671 195 681 '
228 658 308 723 Cirm
324 660 438 723 steteris
453 661 532 724 urbis
545 660 642 724 celsus
656 660 686 723 in
701 681 768 722 arce
783 673 851 726 tue.

186 757 228 821 Et
242 758 318 820 bene
333 758 456 821 nauiuis
471 759 564 821 letum
579 759 712 842 taurique
728 757 851 841 virique,

229 855 377 940 Sectaque
392 878 446 940 per
460 856 562 918 dubias
576 876 667 918 saxea
682 869 761 918 tecte
777 856 857 932 vias3

187 950 240 1014 Me
256 973 373 1037 quoque
387 967 503 1016 narrato
517 953 581 1015 solii
594 953 699 1016 tcllure
714 953 864 1015 relictam:

229 1048 299 1113 Non
314 1071 370 1133 ego
384 1072 448 1113 sum
464 1051 553 1114 titulis
567 1050 754 1134 subripienda
773 1051 840 1113 tuis.
1103 1050 1168 1113 130

74 1139 96 1156 ⁵
186 1145 254 1210 Nee
269 1162 353 1231 pater
367 1162 412 1211 est
426 1148 559 1231 AEgeus3
580 1169 637 1210 nec
651 1162 684 1210 tu
698 1147 867 1211 Pittheidos
881 1145 997 1209 AEtbrc

230 1245 342 1310 Filius:
365 1263 499 1311 auctores
513 1269 586 1310 sexa
599 1246 765 1331 fretumque
779 1247 832 1309 tui.

187 1343 232 1408 Di
246 1344 386 1424 facerent,
400 1360 434 1409 ut
447 1367 497 1408 me
511 1345 628 1408 summi
641 1346 679 1407 de
696 1365 798 1428 puppe
814 1343 947 1407 videres!

229 1442 375 1507 Movisset
390 1445 488 1507 vultus
503 1458 610 1506 moesta
622 1444 714 1525 figura
728 1456 807 1505 tuos.

187 1540 277 1605 Nunc
292 1563 410 1626 quoque
424 1564 483 1605 nou
498 1542 602 1618 oculis,
617 1541 681 1618 sed,
696 1539 757 1624 qui
770 1553 866 1624 potes,
881 1538 1001 1622 adspice
1016 1552 1122 1602 mente

230 1637 401 1727 Herentem
415 1640 548 1723 scopulo,
563 1661 652 1723 quem
669 1659 743 1720 vaga
757 1637 854 1722 pulsat
868 1656 955 1721 aqua.
1102 1637 1168 1700 136

187 1736 320 1821 Adspice
335 1736 477 1800 demissos
491 1738 617 1819 lugentis
631 1736 661 1799 in
675 1757 727 1799 ore
740 1735 881 1819 capillos3

230 1833 273 1898 Et
286 1834 398 1897 tunicas
412 1835 559 1918 lacrymis,
574 1835 650 1898 sieut
663 1834 701 1897 ab
715 1834 817 1910 imbre,
832 1852 947 1915 graves.

188 1929 317 2014 Corpus,
332 1946 365 1994 ut
379 1931 510 2015 impulsae
524 1945 641 2013 segetes
653 1931 864 2016 Aquilonibus,
878 1930 998 1993 horret:

230 2027 390 2114 Litoraque
405 2028 527 2092 articulo
541 2050 642 2115 pressa
655 2042 801 2102 tremente
815 2029 906 2093 labat.
1103 2031 1168 2094 140

155 2155 158 2159 ’
187 2129 258 2194 Non
273 2144 303 2194 te
319 2152 373 2216 per
386 2131 536 2211 meritum,
551 2131 690 2216 quoniam
704 2131 782 2194 male
797 2130 897 2209 cessit,
911 2129 1012 2194 adoro.

230 2228 342 2292 Debita
356 2229 393 2293 sit
409 2228 486 2293 sacto
501 2229 592 2312 gratia
606 2229 687 2292 nulla
701 2250 787 2292 meo:

187 2325 248 2390 Sed
263 2348 320 2390 nee
334 2349 424 2412 poeua
438 2328 568 2412 quidem.
613 2328 645 2392 Si
660 2349 720 2390 non
734 2349 791 2410 ego
804 2348 894 2392 causa
910 2327 1026 2406 salutis,

230 2423 301 2488 Non
315 2430 414 2489 tat'nen
429 2440 484 2504 est,
498 2426 604 2490 cursis
618 2438 650 2489 tu
665 2425 737 2489 mibi
751 2447 839 2489 causa
856 2427 947 2490 neeis.

188 2520 253 2586 Has
267 2523 330 2602 tibi,
346 2523 512 2609 plangendo
526 2523 660 2607 lugubria
673 2539 794 2608 pectora
808 2523 909 2603 lassas,
1102 2525 1167 2590 145

230 2620 338 2685 Infelix
353 2622 443 2686 tendo
457 2636 536 2686 trans
551 2620 624 2686 sreta
638 2623 727 2704 longa
740 2643 857 2685 manus.

187 2718 254 2784 Hos
268 2719 330 2797 tibi,
345 2719 395 2804 qui
409 2734 559 2803 superant,
574 2718 699 2783 ostendo
713 2735 820 2782 moesta
833 2719 966 2803 capillos.

231 2816 292 2880 Per
305 2817 449 2901 lacrymas
463 2839 525 2895 oro,
541 2838 613 2902 ques
628 2830 679 2880 tua
693 2815 771 2881 sacta
784 2828 923 2880 movent:

188 2911 293 2977 Flecte
308 2928 411 2992 ratem,
427 2913 568 2992 Theseu3
591 2935 736 3000 versoque
750 2913 882 2978 relabere
897 2913 966 2979 velo

230 3010 263 3073 Si
278 3010 358 3094 priris
372 3012 508 3074 occidero
520 3033 528 3089 3
550 3026 582 3076 tu
597 3019 697 3076 tamen
711 3034 778 3076 ossa
791 3013 883 3096 leges.
1103 3014 1165 3078 15⁰
