2536 4252
508 403 683 454 aaronem
704 402 764 454 vn.
1024 368 1027 373 ¹
1061 397 1119 460 161

147 550 180 615 si
196 551 288 636 pudet
302 552 420 630 uxoris;
442 575 501 616 non
516 567 619 638 nupta,
633 553 687 616 sed
701 552 817 638 hospita
832 552 922 617 dicar.
1062 558 1123 620 135

110 702 113 709 .
191 650 274 713 Dum
289 665 339 714 tua
353 652 390 714 sit
404 650 496 727 Dido,
512 651 663 736 quodlibet
678 671 743 714 esse
758 649 843 714 leret.

147 747 227 811 Nota
242 749 313 812 mihi
329 748 401 811 sreta
415 762 482 811 sunt
498 748 603 816 Asrurn
619 747 782 831 frangentia
795 750 893 813 littus:

190 845 389 930 Temporibus
403 846 490 908 certis
506 847 634 932 dantque
649 860 818 931 negantque
833 849 922 911 viam.

148 941 229 1005 Cirm
244 944 324 1006 dabit
339 965 408 1006 aura
425 944 512 1021 viam,
528 944 670 1026 prebebis
684 945 805 1008 carbasa
820 945 926 1008 ventis.

105 1069 110 1077 ·
190 1039 280 1103 Nunc
294 1042 368 1104 levis
382 1041 508 1126 ejectam
522 1042 654 1105 continet
668 1042 733 1126 alga
747 1055 852 1106 ratem.
1063 1045 1124 1107 140

147 1137 283 1222 Tempus
298 1153 330 1201 ut
344 1140 510 1216 observem,
525 1139 632 1202 manda
646 1140 735 1218 milri3
756 1141 866 1204 certiirs
880 1141 952 1206 ibis:

191 1235 257 1299 Nec
273 1251 313 1314 te,
330 1238 354 1300 si
369 1238 472 1321 cupies
487 1238 562 1320 ipse,
576 1259 695 1300 manere
711 1237 815 1301 sinam.
846 1241 854 1259 ‘

147 1332 190 1395 Et
203 1335 273 1397 socii
289 1336 419 1420 requiem
437 1349 571 1418 poscunt,
587 1335 753 1420 laniataque
767 1336 867 1399 classis

137 1421 148 1440 '
190 1431 325 1495 Postulat
340 1433 462 1514 exiguas
477 1431 662 1496 semirefecta
676 1453 783 1496 moras.

147 1527 208 1590 Pro
222 1530 342 1608 meritis,
358 1545 388 1593 et
403 1530 488 1614 siqua
502 1529 552 1593 tibi
567 1528 762 1614 praebebirr'rus
777 1531 863 1610 ultra,
1063 1535 1124 1598 145

189 1627 250 1689 Pro
265 1650 318 1711 spe
333 1628 461 1713 conjugii
476 1642 611 1712 tempora
624 1650 714 1712 parva
730 1643 811 1713 peta.

147 1722 230 1786 Dum
246 1724 318 1788 sreta
333 1727 501 1803 m'nescunt‚
517 1739 546 1789 et
561 1727 673 1789 Amor:
696 1726 767 1790 durn
783 1741 918 1812 ternpore
933 1740 963 1790 et
977 1749 1033 1792 usu

190 1820 318 1886 Fortiter
331 1823 430 1887 edisco
445 1824 536 1887 tristia
550 1845 636 1908 posse
652 1825 724 1909 pati.

147 1918 200 1982 Sin
215 1921 328 1999 minds3
350 1937 396 1986 est
409 1923 523 1986 animus
538 1922 623 1986 nobis
637 1923 789 1986 effundere
808 1923 908 1987 vitam.

189 2017 225 2080 In
239 2041 288 2083 me
303 2021 428 2084 crudelis
443 2043 502 2083 non
517 2035 603 2105 potes
618 2042 684 2084 esse
700 2021 760 2085 diu.
1062 2024 1123 2086 150

147 2116 304 2201 Adspicias
318 2119 441 2196 utinam,
458 2141 522 2203 quae
537 2119 573 2182 sit
587 2119 741 2181 scribentis
756 2117 872 2199 imago!
1171 2120 1174 2125 ’

190 2213 369 2294 Scribimus;
391 2230 421 2278 et
436 2216 548 2297 gremio
562 2214 691 2278 Troicus
705 2214 782 2278 ensis
797 2214 881 2277 adest
890 2236 910 2295 ².

147 2309 265 2397 Perque
279 2335 370 2397 genas
385 2313 522 2398 lacryma
537 2313 667 2376 strictum
683 2313 821 2376 labuntur
834 2312 863 2376 in
879 2333 1000 2392 ensem3

190 2408 254 2483 Qui
264 2411 326 2495 jam
344 2433 397 2494 pro
411 2410 548 2494 lacrymis
562 2410 704 2493 sanguine
719 2409 826 2473 tinctus
843 2410 908 2472 erit.

147 2504 251 2581 Quam
264 2511 341 2572 bene
356 2509 536 2572 conveniunt
550 2507 610 2570 sato
624 2521 676 2569 tua
689 2528 813 2570 munera
826 2507 944 2571 nostro!
1062 2511 1123 2572 155

188 2605 310 2668 Instruis
325 2605 460 2689 impensa
473 2619 571 2668 nostra
585 2605 720 2689 sepulcra
730 2605 824 2669 brevi.

146 2703 178 2768 N
179 2726 215 2767 ec
230 2725 298 2766 mea
311 2725 390 2766 nunc
404 2704 499 2786 primo
514 2701 656 2766 feriuntur
670 2717 790 2786 pectora
803 2703 881 2766 telo:

188 2801 244 2865 Ille
259 2801 341 2864 locus
356 2801 426 2864 saevi
441 2801 547 2864 vulnus
563 2800 681 2864 Amoris
696 2800 798 2865 habet.

104 2972 112 2989 ‚
147 2902 238 2965 Anna
251 2922 342 2978 soror,
357 2922 439 2963 soror
452 2900 642 2978 Anna,·mea
656 2899 735 2962 male
750 2898 869 2964 conscia
882 2898 988 2982 culpa,

188 2998 258 3062 Jarn
274 2998 356 3062 dabis
371 2999 400 3061 in
416 2998 530 3062 cineres
544 2997 648 3061 ultima
663 2994 741 3061 dona
756 3017 849 3060 meos.
1059 2997 1122 3060 160

147 3095 177 3160 N
179 3119 225 3175 ec,
239 3110 414 3181 consumpta
427 3097 521 3179 iugis,
530 3096 678 3174 inscribar,
693 3095 792 3159 Elissa
805 3093 930 3173 Sicha13

189 3193 259 3258 Hoc
273 3208 372 3258 tamen
388 3195 418 3256 in
432 3195 538 3258 tumuli
552 3216 697 3258 marmore
711 3214 831 3257 carmen
846 3193 917 3258 erit:

148 3290 296 3355 ‘Praebuit
309 3291 421 3354 AEneas
437 3306 467 3354 et
480 3312 602 3355 causam
616 3292 717 3354 mortis
732 3305 763 3355 et
776 3312 890 3354 ensem.

190 3389 260 3475 lpsa
273 3389 328 3452 sua
342 3388 425 3452 Dido
437 3388 568 3452 concidit
580 3410 634 3452 usa
648 3387 761 3453 manu?

449 3487 518 3551 14*
