2536 4252
121 392 123 398 ’
146 395 185 454 le
455 399 797 449 neranonruoseon

142 550 365 633 Fatidicamque
380 548 523 627 Themin,
539 571 602 633 que
617 571 695 612 nunc
709 549 805 612 oracla
820 551 950 613 tenebat.

142 646 210 712 Non
226 649 275 711 illo
291 649 394 711 melior
407 648 571 732 quisquam,
586 670 642 710 nec
656 649 799 710 amantior
813 649 887 733 aequi

143 746 198 810 Vir
213 747 275 823 suit,
290 760 340 809 aut
355 745 406 808 ille
419 747 595 809 metuentior
607 747 667 808 ulla
682 747 815 809 deorum.

141 845 258 928 Jupiter
272 858 304 907 ut
318 844 434 930 liquidis
448 859 581 927 stagnare
598 845 751 929 paludibus
765 843 878 923 orbem,

142 941 184 1006 Et
197 964 351 1026 superesse
366 942 446 1005 videt
461 942 498 1004 de
513 957 555 1005 tot
571 943 659 1005 modd
674 944 799 1006 millibus
821 966 922 1022 unum,
1051 947 1114 1010 325

143 1039 184 1103 Et
198 1062 350 1125 superesse
366 1040 446 1104 videt
461 1042 498 1103 de
513 1055 556 1104 tot
572 1042 661 1103 modb
675 1042 800 1104 millibus
815 1064 923 1118 unam3

142 1139 288 1202 Innocuos
302 1140 413 1216 ambos,
427 1141 555 1203 cultores
569 1141 694 1203 numinis
709 1141 829 1218 ambos3

143 1236 253 1302 Nubila
267 1237 397 1323 disjecit:
421 1238 584 1322 nimbisque
600 1239 750 1322 Aquilone
765 1240 893 1317 remotis,

143 1335 185 1401 Et
191 1337 276 1416 *coelo
290 1350 380 1398 terras
394 1337 531 1413 ostendit,
546 1351 577 1399 et
591 1337 698 1400 ethera
713 1337 806 1400 terris.

143 1433 209 1498 Nec
224 1435 309 1497 maris
325 1435 366 1497 ira
380 1448 498 1511 manet;
520 1435 673 1520 positoque
689 1435 848 1519 tricuspide
863 1436 923 1498 tclo
1051 1438 1116 1499 330

142 1531 259 1596 Mulcet
274 1551 364 1615 aquas
379 1545 475 1594 rector
490 1531 600 1614 pelagi:
624 1554 769 1616 supraque
786 1532 962 1616 profundum

143 1627 331 1705 limantem,
346 1642 434 1712 atque
449 1629 585 1690 humeros
601 1629 700 1690 innato
715 1632 824 1693 murice
840 1644 963 1707 tectum,

144 1726 312 1790 Caendeum
328 1726 453 1789 Tritona
467 1740 553 1788 vocat
562 1748 570 1803 ;
591 1726 770 1811 conchaeque
785 1729 884 1791 sonaci

143 1824 287 1909 Inspirare
298 1823 402 1910 jubet3
424 1825 589 1908 fluctusque
604 1839 635 1887 et
650 1825 771 1888 flumine
784 1827 868 1908 signo

143 1922 212 1985 Jam
226 1945 364 1986 revocare
380 1923 458 1985 dato.
503 1921 589 1986 Cava
602 1923 726 1986 buccine
740 1925 863 1987 sumitur
884 1923 924 1987 illi
1051 1924 1115 1988 335

143 2020 275 2098 Tortilis,
291 2020 320 2082 in
335 2020 425 2107 latum
440 2041 504 2104 quae
519 2021 631 2082 turbine
646 2021 751 2083 crescit
766 2022 803 2085 ab
825 2023 901 2089 imo:

143 2110 288 2196 Bueoina,
304 2140 367 2203 quae
382 2119 480 2181 medio
494 2118 630 2202 concepit
645 2133 678 2182 ut
693 2122 761 2182 aera
776 2134 878 2204 ponto,

144 2216 258 2281 Littera
273 2237 346 2279 voce
361 2216 466 2299 replet,
481 2216 535 2279 sub
549 2231 674 2301 utroque
685 2217 815 2302 jacentia
829 2217 957 2281 Phoebo.

144 2312 225 2377 Tum
241 2335 368 2400 quoque,
383 2329 415 2377 ut
429 2335 480 2377 ora
493 2314 541 2377 dei
556 2313 675 2376 madidi
689 2315 814 2377 rorantia
827 2315 919 2378 barbb

144 2411 288 2495 Contigit,
303 2425 334 2475 et
347 2412 454 2476 cecinit
463 2412 561 2499 jussos
577 2412 676 2475 inflata
690 2426 838 2496 receptus,
1051 2416 1116 2479 340

143 2508 289 2573 Omnibus
304 2510 403 2574 audita
417 2525 462 2574 est
475 2511 588 2576 telluris
603 2525 632 2575 et
648 2511 769 2597 equoris
784 2511 887 2575 undis:

144 2603 186 2670 Et
201 2608 305 2692 quibus
318 2622 363 2671 est
378 2609 462 2671 undis
477 2609 587 2684 audita,
601 2610 732 2671 coercuit
746 2629 859 2672 omnes.

186 2704 254 2768 Jam
269 2725 349 2767 mare
365 2706 444 2768 littus
459 2705 565 2767 habet:
590 2705 693 2787 plenos
707 2706 787 2788 capit
801 2707 902 2769 alveus
917 2725 1035 2771 amnes:

144 2802 283 2866 Flumina
296 2802 466 2866 subsidunt:
488 2801 578 2864 colles
593 2801 675 2864 exire
691 2801 834 2866 videntur.

145 2898 243 2982 Surgit
258 2901 379 2964 humus:
402 2913 538 2962 crescunt
552 2899 617 2962 loca
632 2899 867 2964 decrescentibus
881 2901 978 2965 undis.
1052 2904 1116 2967 345

143 2995 277 3082 Postque
292 2998 371 3060 diem
386 2998 503 3079 longam
517 2995 627 3060 nudata
639 2998 794 3061 cacumina
807 2998 886 3062 silvae

144 3094 324 3175 Ostendent,
338 3095 500 3180 limumque
516 3108 618 3158 tenent
632 3095 660 3158 in
677 3094 777 3158 sronde
792 3096 937 3162 relictum.
