2536 4252
565 380 674 457 niusa
690 407 723 458 x.

85 609 86 613 ,
159 546 263 612 Exitus
278 552 408 635 auspicio
423 554 555 636 gravior:
577 577 647 618 nam
661 570 764 642 nupta,
779 580 836 643 per
849 560 954 626 heroes

156 645 238 709 Dum
253 671 331 712 nova
346 647 494 714 Naiadum
511 652 598 714 turbd
611 656 750 719 comitata
769 673 900 740 vagatur,

155 743 286 823 Decidit,
302 748 330 809 in
346 748 437 810 talum
453 751 598 833 serpentis
614 752 702 815 dente
717 770 849 838 recepto.
916 816 919 823 .
1079 764 1132 828 ‘10

154 842 256 915 Quam
271 846 340 908 satis
356 846 394 908 ad
408 869 528 931 superas
544 864 701 934 postquam
716 851 914 936 Rhodopeius
930 877 1014 920 auras

154 939 288 1005 Deflevit
303 957 403 1022 vates3
426 967 464 1007 ne
479 969 538 1008 non
554 960 679 1012 tentaret
694 963 725 1011 et
739 951 868 1028 umbras,

153 1039 203 1100 Ad
220 1040 313 1123 Styga
328 1042 466 1106 Taenarid
480 1057 525 1107 est
541 1066 629 1108 ausus
644 1047 825 1111 descendere
841 1049 936 1133 porti.

65 1130 68 1135 ’
152 1136 270 1222 Perque
286 1140 368 1203 leves
383 1143 519 1228 populos
536 1144 749 1228 simulacraque
764 1145 865 1210 functa
878 1149 1032 1231 sepulcris,

151 1233 365 1319 Persephonen
381 1241 461 1316 adiit,
477 1240 685 1324 inamoenaque
700 1264 791 1322 regna
806 1257 959 1307 tenentem
1089 1251 1129 1312 15

151 1332 330 1397 Umbrarum
346 1337 515 1399 dominum:
540 1338 689 1421 pulsisque
706 1339 743 1400 ad
758 1341 888 1402 carmina
903 1343 1001 1404 nervis

151 1431 201 1492 Sic
217 1433 274 1509 ait;
298 1433 345 1494 ‘O
361 1435 449 1516 positi
463 1434 517 1496 sub
533 1434 610 1497 terris
624 1436 744 1498 numina
758 1438 871 1516 mundi,
973 1432 975 1437 ’

46 1602 56 1620 .
150 1529 184 1591 ln
201 1553 289 1613 quem
304 1533 460 1594 recidimus
477 1533 618 1617 quidquid
633 1535 755 1597 mortale
770 1557 921 1614 creamur;

150 1629 181 1690 Si
196 1631 274 1706 licet,
290 1645 331 1708 et,
347 1630 409 1693 salsi
425 1632 525 1715 positis
540 1632 711 1714 ambagibus
725 1634 793 1711 oris,

151 1727 231 1790 Vera
246 1726 325 1812 loqui
340 1730 449 1807 sinitis3
472 1753 530 1793 non
543 1731 612 1807 huc,
628 1744 659 1792 ut
675 1752 769 1814 opaca
785 1730 917 1794 viderem
1084 1736 1127 1800 20

149 1826 283 1904 Tartara,
300 1829 458 1906 descendi3
480 1827 595 1891 necati
611 1829 713 1892 villosa
727 1829 854 1892 colubris

148 1923 248 1988 Tema
263 1926 408 1990 Medusaei
423 1928 563 1990 vincirem
578 1930 699 2010 guttura
710 1927 843 1990 monstri.
860 2008 862 2012 .

148 2022 248 2086 Causa
265 2025 315 2086 vie
330 2025 459 2109 conjux:
483 2026 512 2088 in
528 2046 617 2108 quam
632 2025 747 2088 calcata
761 2046 911 2086 venenum

150 2120 262 2205 Vipera
277 2123 409 2199 diffudit3
431 2136 658 2205 crescentesque
674 2121 792 2183 abstulit
807 2143 910 2184 annos.

149 2219 241 2282 Posse
257 2221 317 2302 pati
334 2221 430 2282 volui:
454 2241 511 2281 nec
526 2240 574 2280 me
589 2219 719 2280 tentisse
734 2218 861 2299 negabo.
1082 2223 1125 2286 25

149 2317 229 2380 Vicit
244 2320 349 2381 Amor.
394 2316 511 2400 Superi
526 2317 598 2388 deus
613 2317 662 2379 hio
676 2315 753 2377 bene
769 2329 855 2378 notus
870 2315 899 2378 in
915 2316 967 2378 orit
982 2329 1037 2380 est.

148 2419 197 2479 An
213 2418 250 2478 sit
266 2432 294 2479 et
310 2418 369 2492 hic,
386 2417 487 2476 dubito
497 2437 504 2476 :
514 2465 517 2469 .
528 2415 581 2475 sed
596 2427 626 2475 et
641 2413 690 2475 hic
706 2427 805 2474 tamen
821 2435 947 2494 auguror
961 2435 1037 2476 esse.

102 2570 107 2578 .
148 2513 301 2596 Famaque
316 2513 339 2573 si
355 2524 487 2573 veterem
502 2523 622 2592 nonest
637 2509 759 2571 mentita
774 2509 917 2591 rapinam,

149 2610 212 2671 Vos
225 2631 341 2693 quoque
353 2608 453 2693 junxit
465 2607 569 2669 Amor.
614 2606 675 2668 Per
686 2628 741 2687 ego
753 2606 816 2668 haee
827 2606 893 2669 loca
903 2607 992 2691 plena
1002 2606 1123 2688 timoris,

148 2707 208 2769 Per
222 2707 324 2769 Chaos
339 2707 396 2768 hoc
411 2705 524 2787 ingens,
541 2705 672 2792 vastique
687 2703 803 2767 silentia
816 2704 909 2788 regni,
1081 2710 1124 2771 30

146 2805 323 2888 Eurydices,
338 2826 400 2882 oro,
416 2817 573 2888 properata
587 2802 713 2866 retexite
727 2802 787 2864 fila.

145 2904 255 2966 Omnia
271 2903 414 2965 debemur
428 2902 529 2978 vobis3
551 2901 731 2985 paulumque
751 2900 865 2976 morati,

145 3003 245 3064 Serius
260 3016 310 3064 aut
324 3001 408 3064 citiis
423 2999 526 3063 sedem
541 3019 733 3082 properamus
748 2998 785 3060 ad
800 3019 901 3060 unam.

144 3100 308 3162 Tendimus
323 3099 382 3161 hnc
397 3119 512 3176 omnes,
528 3097 591 3160 haec
607 3109 651 3160 est
666 3095 772 3158 domus
786 3094 905 3159 ultima:
931 3117 1043 3180 vosque

145 3197 276 3259 Humani
292 3197 407 3278 generis
420 3194 588 3277 longissima
604 3215 696 3275 regna
709 3193 828 3256 tenetis.
1077 3194 1120 3258 35

144 3296 223 3358 Haec
240 3315 368 3378 quoque,
382 3293 451 3355 crim
463 3292 558 3377 justos
572 3307 686 3354 matura
701 3290 848 3374 peregerit
862 3311 965 3368 annos,

144 3393 161 3456 J
165 3396 222 3457 uris
238 3394 292 3455 urit
310 3392 404 3454 vestri.
450 3389 512 3453 Pro
526 3410 648 3452 munere
664 3389 811 3473 poscimus
826 3409 923 3450 usum.

144 3493 236 3566 Qun]
251 3492 274 3554 si
290 3490 350 3553 satu
364 3503 473 3572 negant
490 3489 605 3551 veniam
619 3509 673 3572 pro
688 3485 825 3572 conjuge,
840 3497 954 3546 eertum
968 3496 1014 3547 est

61 3627 64 3634 ·
145 3591 232 3660 Nolle
247 3589 342 3652 redire
357 3588 440 3651 mihi.
485 3585 564 3650 Leto
579 3585 706 3670 gaudete
721 3581 867 3646 duorum)

333 3705 341 3719 .
401 3687 421 3747 9
869 3688 878 3704 .
