2536 4252
563 408 669 457 marm
687 408 709 477 i.

144 554 222 630 Quae
238 570 337 619 tamen
352 578 392 618 ex
407 556 462 620 illis
478 557 576 641 aliquo
590 579 656 641 pars
671 557 792 620 humida
805 578 906 636 succo,

144 653 185 716 Et
199 670 315 717 tenena
329 653 394 732 suit,
409 677 494 719 versa
508 669 554 718 est
567 656 739 740 in-corporis
754 677 852 719 usum.

144 751 237 826 Quod
251 753 377 816 solidum
392 767 447 830 est,
464 753 602 837 flectique
617 754 730 838 nequit,
744 767 874 817 mutatur
887 753 917 816 iu
931 775 1014 818 ossa:

144 848 235 924 Quod
251 850 341 913 modi>
357 873 432 914 vena
447 849 511 929 suit,
526 851 581 914 sub
596 852 703 914 eodem
718 852 836 914 nomine
851 851 969 916 mansit.
1054 854 1119 916 410
1207 872 1216 879 ’

143 947 237 1032 Inque
250 949 332 1012 brevi
347 950 451 1034 spatio,
466 971 640 1033 superorum
654 950 785 1027 numine,
798 972 871 1014 saxa

143 1045 237 1109 Missa
252 1046 304 1109 viri
319 1048 454 1110 manibus
471 1046 577 1110 faciem
588 1048 705 1110 traxere
721 1048 852 1112 virilem:

124 1180 127 1186 ·
144 1143 184 1207 Et
201 1145 238 1206 de
255 1145 395 1220 soemineo
409 1160 544 1230 reparata
558 1161 602 1209 est
617 1146 740 1210 foemina
749 1146 842 1232 jactu.

143 1242 217 1305 lude
232 1266 324 1326 genus
340 1244 445 1308 durum
460 1267 571 1322 sumus,
586 1245 803 1328 experiensque
820 1245 969 1308 laborum:

144 1340 187 1404 Et
202 1342 379 1404 documenta
393 1342 507 1420 damus,
523 1342 686 1425 quissimus
701 1343 812 1423 origine
826 1342 897 1404 nati.
1041 1358 1045 1363 ·
1057 1343 1120 1405 415

564 1595 705 1637 maort.

571 1779 601 1821 v.
618 1761 692 1823 438.

144 1929 199 1993 Illa
214 1931 332 2016 quidem
348 1931 450 2009 nollet,
465 1930 518 1994 sed
533 1944 563 1993 te
579 1953 709 2016 quoque,
724 1931 854 1995 maxime
869 1931 1003 2014 Python,

144 2028 225 2091 Tum
241 2030 358 2112 genuit:
382 2030 557 2114 populisque
573 2030 667 2107 novis,
683 2029 831 2111 incognita
844 2050 977 2112 serpens,

143 2125 254 2189 Terror
268 2149 350 2204 eras;
372 2140 486 2190 tautum
501 2127 586 2211 spatii
602 2128 640 2190 de
656 2141 757 2190 monte
772 2127 905 2190 tenebas.

144 2222 233 2287 Hanc
248 2224 322 2287 deus
336 2225 511 2302 arcitenens,
526 2237 557 2286 et
571 2247 722 2308 nunquam
738 2224 844 2287 talibus
859 2225 946 2287 armis

143 2322 236 2400 Ante,
251 2322 306 2385 nisi
321 2323 351 2385 in
366 2322 459 2385 damis
473 2322 647 2406 capreisque
662 2321 823 2404 fugacibus,
837 2320 919 2398 usus,
1057 2324 1121 2385 420

143 2417 228 2481 Mille
244 2440 363 2500 gravem
379 2419 456 2496 telis,
471 2420 617 2481 exhausti
634 2421 709 2502 pen'e
726 2418 874 2501 pharetrit,
1151 2416 1157 2428 '

143 2515 288 2592 Perdidit,
304 2517 398 2577 effirso
413 2537 468 2598 per
483 2517 603 2577 vulnera
618 2517 700 2596 nigra
716 2537 842 2577 veneno.

144 2611 232 2674 Neve
247 2612 344 2695 operis
359 2612 467 2679 samam
482 2612 573 2695 possit
588 2613 687 2674 delere
703 2626 843 2690 vetustas,

144 2710 271 2774 Instituit
285 2731 383 2774 sacros
397 2709 506 2773 celebri
520 2710 681 2773 certamine
696 2710 792 2789 ludos,

144 2808 265 2893 Pythia,
281 2808 319 2883 de
334 2808 453 2871 domita
466 2808 610 2892 serpentis
625 2809 743 2872 nomine
758 2809 864 2872 dictos.
1058 2812 1120 2876 «125

144 2907 200 2970 His
211 2907 356 2994 juvenum
372 2907 540 2992 quicunque
555 2928 656 2984 manu,
671 2899 845 2991 pedibusve,
859 2907 963 2972 rotaivc

145 3005 284 3084 Vicerat3
307 3006 438 3069 aesculeae
452 3005 589 3089 capiebat
604 3003 713 3068 frondis
727 3005 881 3069 honorem.

63 3177 67 3184 ¹
143 3103 285 3168 Nondum
299 3105 399 3166 laurus
413 3116 477 3166 erat
485 3124 494 3181 3
515 3103 663 3188 longoque
678 3103 816 3167 decentia
828 3103 909 3168 crine

142 3202 295 3288 Tempora
308 3203 446 3286 cingebat
459 3202 498 3265 de
513 3201 645 3286 quotibet
659 3201 760 3266 arbore
776 3201 922 3267 Phoebus.
