2536 4252
162 391 209 454 ’46
489 396 841 448 METAMORPHOSEON

165 547 212 612 Ut
228 546 321 633 jacuit
335 547 492 632 resupinus
506 547 600 624 humi,
615 568 702 611 cruor
715 548 823 612 emicat
838 547 908 626 alte,
1081 544 1084 551 ’
1102 550 1147 614 50

167 645 198 711 N
200 669 238 710 on
254 647 347 724 aliter,
362 647 452 730 quarn
466 645 537 709 ciam
552 646 653 708 vitiato
667 647 763 708 fistula
778 646 902 730 plumbo

156 744 325 818 -Scinditur,
341 759 372 807 et
386 759 489 807 tenues
504 744 645 807 stridente
662 743 802 807 foramine
818 745 904 826 longe

167 843 341 928 Ejaculatur
354 864 463 927 aquas;
485 856 573 926 atque
588 842 692 905 ictibus
706 846 775 905 aera
788 843 908 926 rumpit.

167 940 397 1005 Arboreisoetus
411 942 584 1026 adspergine
598 940 687 1003 caedis
702 940 732 1003 in
747 955 840 1003 atram
1202 1012 1205 1017 ¹

169 1039 334 1104 Vertuntur
346 1039 471 1104 faciem:
495 1038 718 1123 madefactaque
732 1038 873 1121 sanguine
888 1037 974 1101 radix
1103 1040 1147 1103 55

168 1138 313 1202 Poeniceo
327 1139 433 1222 tinguit
447 1137 606 1222 pendentia
619 1158 702 1201 mora
715 1137 826 1200 colore.

211 1236 305 1315 Ecce,
320 1250 403 1300 metu
417 1237 549 1300 nondum
564 1236 670 1320 posito,
685 1257 724 1298 ne
739 1235 819 1299 sallat
833 1248 994 1312 amantem,

167 1334 223 1398 Illa
236 1335 328 1399 redit:
347 1334 549 1421 juvenemque
564 1334 668 1411 oculis,
683 1334 840 1418 animoque
855 1332 993 1418 requirit:

120 1424 122 1429 ¹
167 1433 350 1517 Quantaque
365 1434 463 1496 vitdrit
477 1454 593 1495 narrare
609 1432 739 1516 pericula
754 1432 851 1513 gestit.

95 1587 97 1591 .
167 1530 271 1616 thue
286 1532 396 1609 locum,
412 1544 442 1594 et
457 1553 573 1593 versam
587 1530 770 1613 cognovit'in
784 1530 887 1592 arbore
903 1528 1045 1608 formam3
1102 1531 1148 1594 60

171 1628 237 1716 (Sic
250 1628 320 1693 facit
333 1629 475 1693 incertam
490 1628 571 1712 pomi
585 1627 680 1714 color)
698 1629 798 1706 haeret,
814 1649 851 1691 an
865 1629 930 1691 hec
941 1627 989 1691 sit.

163 1727 252 1791 ¹Dum
266 1727 390 1805 dubitat,
405 1727 599 1791 tremebunda
613 1726 694 1789 videt
708 1727 824 1811 pulsare
838 1739 994 1790 cruentum

167 1823 306 1889 Membra
320 1826 426 1903 solum,
440 1839 576 1909 retroque
591 1825 699 1909 pedem
715 1825 797 1888 tulit:
821 1846 930 1909 oraque
944 1824 1027 1887 buxo

168 1923 326 1987 Pallidiora
340 1945 457 2006 gerens,
472 1923 633 2001 exhorruit,
648 1923 771 2006 aequoris
787 1923 886 2000 instar,

168 2020 261 2096 Quod
275 2022 385 2100 tremit,
400 2021 509 2104 exigui
523 2021 591 2085 cnm
606 2044 755 2085 summurn
769 2021 918 2105 stringitur
931 2018 1013 2084 aura.
1100 2021 1147 2085 65

167 2118 229 2183 Sed
244 2134 400 2205 postquam
415 2132 558 2184 remorata
572 2141 641 2182 suos
655 2120 794 2203 cognovit
808 2141 922 2183 amores
930 2140 940 2198 3

166 2215 301 2282 Perontit
316 2219 449 2302 indignos
463 2218 543 2282 claro
558 2219 699 2302 plangore
714 2219 855 2282 lacertos:

141 2304 149 2317 ’
167 2315 209 2379 Εῑ
223 2316 330 2381 laniata
343 2339 453 2394 comas,
470 2316 667 2401 amplexaque
682 2339 790 2402 corpus
804 2329 946 2395 amatum,

168 2411 302 2479 Vulnera
315 2414 465 2500 supplevit
478 2414 626 2498 lacrymis,
641 2414 803 2500 fletumque
817 2415 914 2479 cruori

166 2511 305 2577 Miscuit:
328 2528 358 2577 et
372 2513 520 2597 gelidisin
538 2514 665 2577 vultibus
680 2515 781 2577 oscula
795 2514 898 2597 figens,
1099 2512 1145 2577 70

167 2610 336 2694 ‘Pyrame,'
352 2612 501 2689 clamavit,
516 2613 599 2696 ‘quis
613 2625 643 2675 te
658 2613 730 2675 mihi
744 2633 830 2699 casus
842 2609 972 2674 ademit?

166 2707 306 2792 Pyrame,
321 2708 478 2792 responde.
523 2708 593 2772 Tua
606 2723 647 2788 te,
661 2709 819 2789 carissime,
833 2709 949 2773 Thisbe

166 2803 325 2873 Nominat:
348 2805 468 2883 exaudi,
484 2805 641 2890 vultusque
656 2809 757 2870 attolle
769 2807 925 2893 jacentes’

165 2902 217 2965 Ad
231 2925 340 2966 nomen
355 2903 483 2967 Thisbes
498 2905 609 2985 oculos,
620 2905 684 2991 jam
699 2920 793 2969 morte
808 2918 955 2989 gravatos,
1185 2987 1188 2990 Ι

166 2999 313 3084 Pyramus
328 3002 432 3079 erexit,
448 3003 569 3087 visique
584 3004 752 3068 recondidit
760 3005 821 3067 illa.
1099 3006 1145 3068 75

166 3097 245 3172 Qua
260 3113 416 3183 postquam
431 3115 604 3185 vestemque
617 3124 702 3165 suam
716 3103 865 3185 cognovit,
880 3116 911 3166 et
926 3124 998 3166 ense

167 3193 251 3260 Vidit
266 3197 339 3259 ebur
352 3219 502 3274 vacuum:
521 3198 608 3261 ‘Tua
623 3215 651 3262 te
665 3201 790 3278 manus,’
806 3201 909 3285 inquit,
925 3209 1084 3285 ‘amorque

165 3293 309 3372 Perdidit,
324 3293 437 3358 infelix.
483 3295 538 3360 Est
553 3312 582 3360 et
597 3299 668 3361 mihi
685 3298 764 3361 sortis
779 3299 808 3362 in
825 3321 917 3362 unum

5 3394 8 3405 '
103 3452 106 3460 ,
166 3390 234 3457 Hoc
249 3415 369 3456 manus:
393 3408 438 3456 est
452 3409 482 3457 et
497 3417 594 3459 amor:
619 3397 697 3459 dabit
712 3398 760 3461 hic
776 3398 804 3460 in
821 3399 944 3460 vulnera
960 3397 1046 3460 vires.

106 3501 110 3510 '
165 3488 332 3577 Persequar
345 3493 541 3556 exstinctum:
565 3494 674 3578 letique
690 3496 852 3567 miserrima
866 3496 946 3558 dicar
1099 3495 1144 3559 80

167 3589 277 3671 Causa,
291 3587 452 3676 comesque
467 3592 527 3655 tui:
551 3592 659 3677 quique
675 3614 692 3656 a
705 3615 755 3656 me
770 3608 864 3658 morte
879 3594 982 3658 revelli
