2536 4252
532 389 639 438 ornan
654 387 713 437 xv.
1060 377 1118 438 149

146 537 227 603 Cum
240 539 359 604 lunone
375 539 478 623 magis.
522 538 607 613 Quid
622 520 700 602 minc
715 540 833 623 antiqua
848 539 985 600 recordor

102 639 110 655 '
146 637 266 702 Damna
279 640 338 702 mei
353 641 489 722 generis?
511 638 599 700 timor
613 639 661 700 bie
676 637 843 699 meminisse
860 637 987 720 priorum

145 734 213 799 Non
229 737 306 799 sinit.
355 736 388 800 ln
405 758 453 799 me
468 735 533 798 acui
548 736 706 798 sceleratos
720 735 836 798 cernitis
851 755 956 811 enses3

145 833 232 908 Quos
247 835 412 919 prohibete,
430 855 550 917 precor;
572 832 743 918 facinusque
758 833 908 917 repellite:
932 853 1008 895 neve
1057 834 1121 895 230

145 931 237 996 Cede
252 933 411 995 sacerdotis
427 932 560 995 flammas
575 928 755 1014 exstinguite
773 929 894 993 Vestae!

186 1030 273 1093 Talia
288 1021 483 1116 nequicquam
499 1044 561 1093 toto
571 1029 682 1092 Venus
698 1018 785 1092 annia
799 1030 878 1093 coelo

145 1126 244 1190 Verba
264 1128 347 1214 jacit,
361 1151 543 1212 superosque
559 1143 671 1191 movet.
716 1126 780 1201 Qui
796 1150 934 1212 rumpere
951 1149 1117 1215 quanquam

144 1225 255 1288 Ferrea
270 1249 329 1289 non
345 1240 467 1310 possunt
482 1241 616 1288 veterum
632 1227 752 1287 decreta
768 1227 919 1300 Sororum,
1003 1293 1006 1299 .
1068 1287 1072 1292 ,

144 1323 234 1404 Signa
250 1339 349 1385 tamen
364 1323 459 1384 luetirs
475 1323 545 1384 dant
560 1323 638 1383 haud
656 1323 765 1383 incerta
781 1321 878 1383 suturi.
1058 1323 1119 1383 235

187 1420 281 1481 Arma
297 1419 392 1481 serunt
407 1420 480 1481 inter
495 1421 590 1501 nigras
605 1418 777 1502 crepitantia
793 1419 897 1496 nubes,

145 1515 364 1600 Terribilesque
379 1516 475 1593 tubas,
491 1516 648 1600 auditaque
663 1537 772 1578 cornua
787 1515 865 1578 coelo

146 1613 359 1678 Pramonnisse
374 1614 465 1678 nefas.
511 1613 619 1678 Pboebi
635 1635 753 1699 quoque
768 1613 856 1677 tristis
871 1615 968 1696 imago

144 1713 255 1776 Lurida
270 1713 399 1776 sollicitis
415 1712 564 1798 praebebat
578 1711 689 1775 lumina
705 1715 797 1775 terris.

144 1811 230 1894 Saepe
245 1810 326 1873 laces
341 1796 408 1873 risae
424 1810 527 1873 mediis
541 1811 643 1874 ardere
659 1810 714 1873 sub
729 1810 830 1873 astris:
1058 1811 1121 1875 eto

144 1909 230 1992 Saepe
247 1911 322 1972 inter
335 1908 450 1971 mmbos
466 1922 554 1991 gutte
569 1909 705 1972 cecidere
722 1923 862 1972 eruenta.

143 2005 277 2070 Caerulus
293 2021 323 2069 et
338 2006 452 2069 vultum
468 2005 614 2089 sermgine
630 2004 751 2069 Lucifer
764 2008 828 2069 atra

144 2103 268 2188 Sparsus
283 2118 362 2168 erat:
385 2104 478 2188 sparsi
492 2103 627 2167 Lunares
641 2105 783 2186 sanguine
798 2126 910 2167 currus.

143 2202 252 2266 Tristia
265 2203 346 2265 mille
360 2202 433 2266 locis
448 2201 570 2286 Stygius
585 2201 666 2264 dedit
681 2203 779 2264 omina
794 2201 890 2264 bubo:

105 2382 109 2389 .
146 2300 228 2365 Mille
244 2302 315 2365 locis
326 2299 499 2384 lacrymavit
511 2301 600 2363 ebur:
623 2299 930 2384 cantusqueleruotur
1058 2300 1121 2362 2215

145 2399 258 2476 Auditi,
273 2398 380 2461 sanctis
395 2412 425 2461 et
439 2399 529 2460 verba
543 2398 668 2460 minacia
681 2398 766 2463 lucis.

148 2495 276 2559 Victima
290 2497 370 2557 nulla
383 2495 465 2558 litat:
489 2517 670 2578 magnosque
685 2497 792 2556 instare
807 2495 950 2557 tumultus
968 2543 970 2547 >

144 2591 235 2657 Fibra
249 2606 369 2670 monet;
391 2581 558 2676 casumque
573 2607 663 2676 caput
678 2593 821 2676 reperitur
835 2593 864 2655 in
880 2594 967 2656 extis,

145 2691 239 2776 lnque
255 2690 328 2769 soro,
342 2682 513 2773 circumque
528 2690 642 2768 domos,
659 2707 689 2754 et
704 2691 814 2775 templa
830 2692 953 2756 deorum

144 2788 313 2852 Nocturnus
328 2789 455 2852 ululasse
470 2809 577 2866 canes3
601 2790 776 2874 umbrasque
791 2789 928 2852 silentitm
1058 2791 1121 2854 250

145 2887 296 2950 Erravisse
311 2887 417 2965 semet,
433 2900 603 2972 motamque
618 2886 792 2949 tremoribus
808 2887 911 2949 urbem
1008 2956 1010 2961 ,

145 2985 213 3049 Non
229 3000 326 3048 tamen
342 2985 470 3063 insidias,
486 2999 668 3068 venturaque
685 2985 801 3046 vincere
817 2982 876 3047 lata

144 3083 337 3146 Praemonitus
353 3083 476 3167 potuine
493 3083 600 3146 deum:
623 3081 773 3166 strictique
790 3081 921 3148 seruntur

144 3179 177 3243 ln
193 3181 338 3264 templum
353 3182 458 3263 gladii:
482 3201 579 3264 neque
595 3179 673 3241 enim
689 3179 771 3242 locus
786 3180 861 3242 ullus
877 3180 905 3242 in
922 3177 1006 3243 Urbe

145 3279 195 3341 Ad
212 3278 333 3354 lacinus,
349 3278 499 3362 diramque
515 3277 622 3361 placet,
638 3277 691 3338 nisi
708 3276 810 3354 Curia,
825 3278 949 3340 caedem.
1057 3275 1121 3338 255

186 3375 268 3439 Tum
285 3376 356 3438 verb
372 3373 524 3458 Cytherea
539 3396 626 3435 mann
644 3375 786 3458 percussit
801 3376 925 3458 utrique

143 3473 272 3537 Pectus:
296 3490 326 3536 et
341 3471 469 3536 aetlrereai
481 3472 598 3536 molitur
611 3473 739 3536 condere
753 3473 844 3551 nube,

144 3571 218 3646 Qua
233 3572 313 3657 prius
328 3570 434 3635 infesto
449 3568 532 3633 Paris
547 3585 592 3634 est
607 3585 727 3656 ereptus
743 3569 866 3648 Atrida,

447 3671 485 3732 13
495 3669 514 3709 ²*
