2536 4252
162 399 225 461 142
383 481 384 484 Ἴ
472 402 825 454 METAMORPHOSEON

160 553 203 618 Et
216 575 314 618 rerum
328 575 442 632 causas,
457 567 488 617 et
503 553 572 638 quid
587 567 701 631 natura,
715 552 861 617 docebat:

160 653 244 729 Quid
260 653 354 731 deus3
375 653 455 716 unde
470 653 575 730 nives3
598 674 661 736 quae
677 651 898 726 fulminisesset
913 652 1016 735 origo;
1103 656 1144 719 1⁰

160 751 287 836 Jupiter,
303 772 340 814 an
357 751 449 829 nenti,
464 750 598 814 discussi
611 751 691 813 nube
707 763 864 828 tonarent3
1148 748 1154 755 ’

160 850 245 925 Quid
261 863 395 936 quateret
410 863 501 913 terras
514 871 523 927 ;
546 850 604 933 quai
618 849 715 911 sidera
729 849 795 931 lege
811 862 966 927 mearent3

160 947 202 1012 Et
218 949 414 1034 quodeunque
431 949 513 1011 latet.
558 947 735 1031 Primusque
750 947 886 1010 animalia
901 947 1011 1010 mensis

75 1074 77 1078 ³
160 1045 269 1129 Arguit
282 1046 412 1130 imponi:
436 1045 547 1130 primus
563 1066 681 1130 quoque
696 1045 802 1108 talibus
816 1066 867 1108 ora

161 1142 260 1207 Docta
275 1143 396 1229 quidem
410 1145 508 1221 solvit,
523 1143 578 1206 sed
593 1165 652 1206 non
667 1158 698 1206 et
712 1143 835 1220 credita,
852 1132 966 1207 verbist
1101 1144 1141 1205 15

160 1239 309 1320 ‘Parcite
324 1243 472 1319 mortales,
487 1241 611 1325 dapibus
626 1255 771 1304 temerare
785 1239 919 1305 nefandis

159 1337 307 1424 Corpora.
352 1339 429 1404 Sunt
443 1340 552 1422 fruges,
566 1354 635 1403 sunt
648 1339 825 1403 deducentia
839 1361 936 1404 ramos

160 1436 299 1501 Pondere
314 1459 403 1523 poma
417 1459 482 1515 suo,
497 1438 676 1522 tumidaque
689 1437 720 1500 in
735 1439 842 1501 vitibus
857 1460 939 1502 uva:

160 1535 237 1599 Sunt
252 1536 349 1599 herbae
364 1536 484 1599 dulces:
508 1550 586 1613 sunt,
603 1557 671 1620 quae
686 1536 842 1599 mitescere
857 1533 990 1614 flammi,

160 1633 331 1720 Mollirique
347 1649 466 1720 queant.
511 1633 579 1698 Nec
596 1635 677 1697 vobis
692 1635 804 1698 lacteus
820 1635 928 1698 humor
1098 1635 1142 1698 20

161 1730 375 1819 Eripitur„nec
389 1733 480 1796 mella
494 1733 590 1817 thymi
605 1731 770 1796 redolentia
784 1733 900 1796 florem.

155 1830 290 1915 Prodiga
304 1831 430 1910 divitias,
445 1831 643 1915 alimentaque
658 1831 740 1895 mitia
754 1831 841 1895 tellus

160 1927 316 2011 Suggerit:
339 1943 428 2014 atque
444 1928 547 2012 epulas
561 1929 625 1992 sine
639 1929 722 1992 caede
736 1943 767 1992 et
780 1929 923 2012 sanguiue
938 1928 1061 2012 prabet.

160 2026 262 2091 Carne
277 2026 344 2090 sera
359 2027 463 2091 sedant
473 2025 605 2113 jejunia:
628 2048 685 2092 nec
699 2041 800 2092 minen
814 2048 929 2091 omues.

161 2124 287 2210 Quippe
302 2147 408 2212 equus,
423 2139 453 2188 et
467 2126 611 2211 pecudes,
620 2139 811 2211 armentaque
822 2125 954 2209 gramine
967 2125 1082 2189 vivunt.
1098 2127 1142 2189 25

160 2224 204 2287 At
219 2224 324 2310 quibus
338 2224 489 2307 ingenium
503 2239 548 2288 est
561 2225 862 2310 immansuetumque,
876 2224 1041 2311 serumque,

115 2341 118 2350 ·
159 2322 369 2407 Armeniaque
384 2323 484 2406 tigres,
498 2322 689 2408 iracundique
704 2323 816 2400 leones,

160 2420 302 2507 Cumque
317 2421 393 2506 lupia
408 2421 477 2499 ursi,
492 2421 616 2506 dapibus
630 2442 700 2484 cunr
714 2420 856 2504 sanguiue
871 2419 1012 2502 gaudent.

161 2518 231 2583 Heu
247 2534 390 2605 quantum
403 2519 500 2583 scelus
514 2534 570 2598 est,
585 2520 616 2584 in
631 2519 744 2583 viscera
758 2519 873 2582 viscera
887 2517 986 2597 condi,

161 2617 374 2702 Congestoque
389 2617 509 2681 avidum
524 2618 718 2702 pinguescere
733 2624 858 2700 corpore
872 2636 1002 2700 corpus;
1097 2615 1142 2677 30

161 2715 351 2800 Alteriusque
366 2715 546 2779 animantem
560 2715 714 2778 animantis
730 2715 829 2778 vivere
844 2715 925 2779 leto!

160 2813 282 2877 Scilicet
296 2813 326 2877 in
342 2813 428 2876 tantis
442 2813 560 2898 opibus,
576 2834 649 2898 quas
663 2812 775 2898 optima
789 2827 916 2876 matrum

160 2911 255 2974 Terra
270 2910 356 2995 pani,
372 2912 413 2974 nil
428 2925 459 2976 te
473 2911 529 2976 nisi
543 2913 635 2976 tristia
648 2911 790 3002 mandere
804 2933 883 2975 saevo

133 3038 143 3066 t
162 3007 296 3072 Vulnera
310 3010 399 3072 dente
410 3009 506 3095 juvat,
521 3010 652 3095 ritusque
668 3009 776 3073 referre
790 3009 985 3094 Cyclopum?

160 3106 239 3183 Nec,
254 3107 308 3170 nisi
323 3107 483 3191 perdideris
498 3108 599 3184 alium,
615 3108 736 3192 placare
748 3108 872 3185 voracis,
1097 3104 1143 3168 35

161 3205 203 3269 Et
218 3206 295 3268 male
310 3205 415 3268 morati
430 3205 540 3288 poteris
551 3205 666 3291 jejunia
682 3206 811 3269 ventris?

204 3305 247 3368 At
265 3318 348 3367 vetus
363 3304 411 3367 illa
427 3317 506 3380 atas,
521 3304 569 3366 cui
585 3304 708 3366 lecimus
723 3305 826 3367 Aurea
840 3322 961 3381 nomen,

59 3469 67 3482 ,
162 3401 298 3466 Foetibus
314 3402 453 3479 arboreis,
468 3418 509 3477 et,
526 3424 598 3485 quas
614 3403 721 3464 humus
737 3404 855 3479 educat,
870 3401 968 3465 herbis

163 3499 323 3564 Fortunata
339 3501 410 3564 suit:
434 3522 491 3563 nec
507 3500 610 3582 polluit
625 3523 675 3562 ora
689 3521 804 3562 cruore.

162 3597 251 3662 Tunc
265 3613 295 3663 et
311 3621 381 3663 aves
396 3613 465 3664 tuta
481 3600 602 3662 movere
618 3620 672 3684 per
687 3603 755 3661 aera
769 3618 902 3682 pennas,
1099 3596 1145 3661 40
