2536 4252
556 408 664 459 urana
683 408 718 458 11.
806 405 817 425 ’
1081 402 1125 465 25

145 563 273 646 Pignora
287 575 368 626 certa
382 561 470 645 petis.
515 559 567 624 Do
582 559 706 644 pignora
719 571 801 623 certa
814 557 964 623 timendo:
1083 561 1127 625 90

147 662 187 726 Et
202 662 294 746 patrio
310 675 394 745 pater
409 682 474 723 esse
489 673 571 722 metu
587 659 704 742 probor.
749 658 883 742 Adspice
899 659 997 721 vultus

145 761 228 824 Ecce
243 783 343 823 meos:
367 760 539 844 utinamque
554 758 656 821 oculos
672 759 701 820 in
716 771 837 842 pectora
851 733 962 841 posses‘
1007 798 1009 807 ι

147 857 289 937 luserere,
305 873 335 921 et
350 859 458 942 patrias
473 857 551 921 intus
566 857 750 941 deprendere
764 856 870 920 curas!

147 959 296 1043 Denique,
313 957 454 1042 quidquid
470 956 560 1019 habet
575 956 669 1034 dives,
685 955 889 1038 circumspice,
904 953 1050 1017 mundus:

147 1056 233 1141 Eque
248 1070 292 1120 tot
307 1078 341 1118 ac
356 1056 443 1119 tantis
458 1055 538 1132 coeli,
553 1069 707 1139 terraeque,
723 1054 869 1138 marisque
1084 1052 1126 1116 95

145 1155 241 1218 Posce
256 1155 340 1218 bonis
355 1155 483 1239 aliquid:
507 1154 618 1216 nullam
633 1153 745 1237 patiere
761 1152 922 1236 repulsam.

146 1253 301 1337 Deprecor
315 1255 372 1315 hoc
387 1275 480 1323 unum
490 1257 502 1329 ;'
522 1251 600 1336 quod
616 1272 687 1313 vero
701 1251 821 1313 nomine
836 1270 937 1332 poena,

146 1351 215 1413 Non
231 1353 324 1415 honor
338 1365 393 1413 est.
438 1350 578 1423 Poenam,
593 1348 764 1424 Phaethon,
780 1354 837 1430 pro'
848 1366 981 1423 munere,
997 1344 1104 1430 poscis.

145 1449 229 1523 Quid
245 1471 312 1511 mea
326 1450 404 1512 colla
418 1463 502 1510 tenes
517 1447 642 1523 blendia,
659 1446 768 1528 ignare,
783 1445 920 1508 lacertis?

146 1547 175 1610 N
178 1570 194 1609 e
211 1548 321 1624 dubita,
338 1548 453 1609 dabitur
470 1545 604 1632 (Stygias
615 1543 779 1629 juravimus
791 1541 903 1630 undas)
1065 1547 1127 1608 100

146 1645 358 1730 Quodcunque
373 1645 503 1729 optaris:
526 1645 578 1707 sed
595 1657 626 1706 tu
641 1643 802 1727 sapientibs
817 1643 911 1726 opta.'

188 1743 320 1807 Finierat
335 1745 474 1806 monitus.
520 1742 618 1805 Dictis
633 1756 730 1804 tamen
748 1741 797 1803 ille
812 1761 975 1825 repugnat:

144 1842 392 1926 Propositumque
407 1855 506 1905 tenete
530 1841 692 1925 flagratque
708 1840 846 1924 cupidine
862 1840 975 1902 currfis.

144 1941 236 2024 Ergo,
253 1941 312 2026 qual
326 1942 408 2004 licuit
423 1941 537 2024 genitor
551 1953 716 2017 cunctatus,
732 1940 770 2002 ad
785 1939 859 2002 altos

144 2039 275 2102 Deducit
287 2037 607 2126 juvenem,Vulcania
621 2060 755 2115 munera,
770 2059 883 2101 currus.
1064 2038 1125 2102 105

144 2137 262 2201 Aureus
278 2139 341 2201 axis
357 2152 429 2215 erat,
445 2152 526 2200 temo
542 2158 658 2214 aureus,
674 2158 762 2199 aurea
777 2157 899 2198 summae

143 2234 415 2313 Curvatura·rotae;
437 2236 586 2299 radiorum
601 2248 757 2317 argenteus
773 2232 856 2297 ordo.

144 2334 204 2396 Per
214 2334 286 2419 juga
300 2334 484 2418 chrysolithi,
500 2334 660 2417 positaeque
676 2355 716 2396 ex
731 2333 833 2395 ordine
849 2353 985 2415 gemmae,

143 2431 234 2495 Clara
248 2453 422 2515 repercusso
436 2430 600 2493 reddebant
614 2431 726 2492 lumina
739 2431 870 2493 Phoebo.

144 2529 287 2612 Dumque
303 2550 340 2590 ea
354 2528 556 2609 magnanimus
572 2527 732 2589 Phaethon
747 2527 878 2605 miratur,
893 2548 1029 2611 opusque
1064 2531 1126 2594 110

145 2626 308 2710 Perspicit:
333 2647 405 2688 ecce
422 2625 491 2708 vigil
506 2626 592 2688 rutilo
608 2624 749 2710 patefecit
764 2626 801 2688 ab
816 2639 882 2688 ortu

144 2724 313 2807 Purpureas
328 2725 445 2786 Aurora
459 2723 546 2801 fores,
561 2738 592 2787 et
607 2725 696 2811 plena
710 2746 842 2787 rosarum
882 2770 885 2775 ·

143 2823 239 2885 Atria.
285 2822 454 2905 Diffugiunt
468 2822 579 2886 stellae:
604 2844 728 2907 quarum
743 2823 861 2906 agmina
875 2824 954 2906 cogit

143 2919 275 2998 Lucifer,
291 2935 321 2984 et
336 2921 405 2984 coeli
420 2921 545 2984 statione
561 2921 737 2984 novissimus
752 2922 826 2984 exit.

185 3021 229 3082 At
242 3033 329 3103 pater
342 3034 376 3081 ut
390 3033 491 3097 terras,
507 3020 711 3104 mundumque
727 3021 882 3083 rebescere
899 3021 980 3100 vidit,
1063 3025 1124 3086 115

143 3117 324 3200 Cornuaque
341 3130 481 3180 extrema
497 3118 579 3180 velut
594 3107 773 3180 evanescere
788 3119 883 3196 lunae3

142 3216 274 3299 Jungere
290 3238 382 3300 equos
397 3216 489 3278 'Iltan
505 3217 655 3279 velocibus
670 3216 797 3301 imperat
813 3217 912 3281 Horis.

142 3314 230 3377 Jussa
245 3315 308 3378 deae
322 3315 435 3377 celeres
450 3329 611 3397 peragunt:
636 3317 793 3401 ignemque
808 3330 974 3395 vomentes,

144 3413 305 3484 Ambrosiae
320 3435 410 3474 succo
425 3426 548 3490 saturos,
564 3415 743 3497 praesepibus
758 3415 823 3478 altis

143 3510 363 3595 Quadrupedes
378 3511 508 3588 ducunt;
530 3511 701 3598 adduntque
717 3514 850 3576 sonantia
865 3512 963 3576 lraena.
1063 3516 1125 3578 120

185 3610 267 3673 Tum
283 3624 367 3695 pater
381 3630 432 3672 ora
447 3610 492 3673 sui
506 3631 590 3674 sacro
604 3612 801 3676 medicamine
816 3611 878 3675 nati

394 3711 432 3787 ‚3
